<!DOCTYPE html>
<meta charset="utf-8" />
<!-- version 1 -->
<title>[Gen 6] Gamma replay: DanielG234 vs. UraniumSceptile</title>
<style>
html,body {font-family:Verdana, sans-serif;font-size:10pt;margin:0;padding:0;}body{padding:12px 0;} .battle-log {font-family:Verdana, sans-serif;font-size:10pt;} .battle-log-inline {border:1px solid #AAAAAA;background:#EEF2F5;color:black;max-width:640px;margin:0 auto 80px;padding-bottom:5px;} .battle-log .inner {padding:4px 8px 0px 8px;} .battle-log .inner-preempt {padding:0 8px 4px 8px;} .battle-log .inner-after {margin-top:0.5em;} .battle-log h2 {margin:0.5em -8px;padding:4px 8px;border:1px solid #AAAAAA;background:#E0E7EA;border-left:0;border-right:0;font-family:Verdana, sans-serif;font-size:13pt;} .battle-log .chat {vertical-align:middle;padding:3px 0 3px 0;font-size:8pt;} .battle-log .chat strong {color:#40576A;} .battle-log .chat em {padding:1px 4px 1px 3px;color:#000000;font-style:normal;} .chat.mine {background:rgba(0,0,0,0.05);margin-left:-8px;margin-right:-8px;padding-left:8px;padding-right:8px;} .spoiler {color:#BBBBBB;background:#BBBBBB;padding:0px 3px;} .spoiler:hover, .spoiler:active, .spoiler-shown {color:#000000;background:#E2E2E2;padding:0px 3px;} .spoiler a {color:#BBBBBB;} .spoiler:hover a, .spoiler:active a, .spoiler-shown a {color:#2288CC;} .chat code, .chat .spoiler:hover code, .chat .spoiler:active code, .chat .spoiler-shown code {border:1px solid #C0C0C0;background:#EEEEEE;color:black;padding:0 2px;} .chat .spoiler code {border:1px solid #CCCCCC;background:#CCCCCC;color:#CCCCCC;} .battle-log .rated {padding:3px 4px;} .battle-log .rated strong {color:white;background:#89A;padding:1px 4px;border-radius:4px;} .spacer {margin-top:0.5em;} .message-announce {background:#6688AA;color:white;padding:1px 4px 2px;} .message-announce a, .broadcast-green a, .broadcast-blue a, .broadcast-red a {color:#DDEEFF;} .broadcast-green {background-color:#559955;color:white;padding:2px 4px;} .broadcast-blue {background-color:#6688AA;color:white;padding:2px 4px;} .infobox {border:1px solid #6688AA;padding:2px 4px;} .infobox-limited {max-height:200px;overflow:auto;overflow-x:hidden;} .broadcast-red {background-color:#AA5544;color:white;padding:2px 4px;} .message-learn-canlearn {font-weight:bold;color:#228822;text-decoration:underline;} .message-learn-cannotlearn {font-weight:bold;color:#CC2222;text-decoration:underline;} .message-effect-weak {font-weight:bold;color:#CC2222;} .message-effect-resist {font-weight:bold;color:#6688AA;} .message-effect-immune {font-weight:bold;color:#666666;} .message-learn-list {margin-top:0;margin-bottom:0;} .message-throttle-notice, .message-error {color:#992222;} .message-overflow, .chat small.message-overflow {font-size:0pt;} .message-overflow::before {font-size:9pt;content:'...';} .subtle {color:#3A4A66;}
</style>
<div class="wrapper replay-wrapper" style="max-width:1180px;margin:0 auto">
<input type="hidden" name="replayid" value="unregisteredserver-gen6gamma-771" />
<div class="battle"></div><div class="battle-log"></div><div class="replay-controls"></div><div class="replay-controls-2"></div>
<h1 style="font-weight:normal;text-align:center"><strong>[Gen 6] Gamma</strong><br /><a href="http://pokemonshowdown.com/users/danielg234" class="subtle" target="_blank">DanielG234</a> vs. <a href="http://pokemonshowdown.com/users/uraniumsceptile" class="subtle" target="_blank">UraniumSceptile</a></h1>
<script type="text/plain" class="battle-log-data">|j|☆DanielG234
|j|☆UraniumSceptile

|t:|1650297202
|gametype|singles
|player|p1|DanielG234|lucas-gen4pt|
|player|p2|UraniumSceptile|tsukininja|
|teamsize|p1|6
|teamsize|p2|6
|gen|6
|tier|[Gen 6] Gamma
|rule|Sleep Clause Mod: Limit one foe put to sleep
|rule|Species Clause: Limit one of each Pokémon
|rule|OHKO Clause: OHKO moves are banned
|rule|Moody Clause: Moody is banned
|rule|Evasion Moves Clause: Evasion moves are banned
|rule|Endless Battle Clause: Forcing endless battles is banned
|rule|HP Percentage Mod: HP is shown in percentages
|rule|Nuclear Clause Mod: Non-Nuclear Pokémon can't use Nuclear-type moves
|rule|Soft Baton Pass Mod: Baton Pass doesn't pass positive stat boosts
|clearpoke
|poke|p1|Geigeroach, M|item
|poke|p1|Vaporeon, F|item
|poke|p1|Inflagetah, M|item
|poke|p1|Actan|item
|poke|p1|S51-A|item
|poke|p1|Cocancer-Mystery, M|item
|poke|p2|Luxelong, F|item
|poke|p2|S51-A|item
|poke|p2|Lavent, F|item
|poke|p2|Harptera, M|item
|poke|p2|Jolteon, M|item
|poke|p2|Feliger, F|item
|teampreview
|inactive|Battle timer is ON: inactive players will automatically lose when time's up. (requested by UraniumSceptile)
|inactive|Time left: 300 sec this turn | 300 sec total | 60 sec grace
|c|☆UraniumSceptile|glhf
|c|☆DanielG234|u2
|j|@Jabuloso
|c|☆DanielG234|we doing timer or waiting for guys
|c|☆UraniumSceptile|let's move
|c|☆UraniumSceptile|i have class at 1
|c|☆DanielG234|ah
|inactive|DanielG234 has 270 seconds left.
|
|t:|1650297251
|start
|switch|p1a: Buschwick|Geigeroach, M|100\/100
|switch|p2a: Padding|Feliger, F|443\/443
|-status|p2a: Padding|slp|[from] ability: Lazy|[of] p2a: Padding
|-enditem|p2a: Padding|Lum Berry|[eat]
|-curestatus|p2a: Padding|slp|[msg]
|turn|1
|inactive|Time left: 300 sec this turn | 300 sec total
|j| pikakip379
|
|t:|1650297264
|move|p1a: Buschwick|Proton Beam|p2a: Padding
|-supereffective|p2a: Padding
|-damage|p2a: Padding|209\/443
|-unboost|p1a: Buschwick|spa|2
|move|p2a: Padding|Dual Chop|p1a: Buschwick
|-supereffective|p1a: Buschwick
|-crit|p1a: Buschwick
|-damage|p1a: Buschwick|45\/100
|-supereffective|p1a: Buschwick
|-crit|p1a: Buschwick
|-damage|p1a: Buschwick|0 fnt
|faint|p1a: Buschwick
|-hitcount|p1: Buschwick|2
|
|upkeep
|inactive|Time left: 300 sec this turn | 300 sec total
|
|t:|1650297276
|switch|p1a: Debierne|Actan|100\/100
|-ability|p1a: Debierne|Intimidate|boost
|-unboost|p2a: Padding|atk|1
|turn|2
|inactive|Time left: 300 sec this turn | 300 sec total
|inactive|DanielG234 has 270 seconds left.
|inactive|UraniumSceptile has 270 seconds left.
|
|t:|1650297311
|move|p1a: Debierne|Metal Cruncher|p2a: Padding
|-damage|p2a: Padding|0 fnt
|faint|p2a: Padding
|
|upkeep
|inactive|Time left: 275 sec this turn | 275 sec total
|inactive|UraniumSceptile has 270 seconds left.
|j|@Poisseman
|
|t:|1650297342
|switch|p2a: demon bug|Harptera, M|281\/281
|turn|3
|inactive|Time left: 255 sec this turn | 255 sec total
|
|t:|1650297346
|move|p1a: Debierne|Metal Cruncher|p2a: demon bug
|-damage|p2a: demon bug|1\/281
|-unboost|p2a: demon bug|def|1
|move|p2a: demon bug|Brick Break|p1a: Debierne
|-supereffective|p1a: Debierne
|-crit|p1a: Debierne
|-damage|p1a: Debierne|0 fnt
|faint|p1a: Debierne
|
|upkeep
|inactive|Time left: 260 sec this turn | 260 sec total
|
|t:|1650297354
|switch|p1a: Mr. 101|Inflagetah, M|100\/100
|turn|4
|inactive|Time left: 270 sec this turn | 270 sec total
|inactive|UraniumSceptile has 240 seconds left.
|
|t:|1650297388
|move|p2a: demon bug|Acrobatics|p1a: Mr. 101
|-damage|p1a: Mr. 101|52\/100
|move|p1a: Mr. 101|U-turn|p2a: demon bug
|-resisted|p2a: demon bug
|-damage|p2a: demon bug|0 fnt
|faint|p2a: demon bug
|-damage|p1a: Mr. 101|42\/100|[from] item: Life Orb
|inactive|Time left: 245 sec this turn | 245 sec total
|
|t:|1650297397
|switch|p1a: Tank4eons|Vaporeon, F|100\/100|[from]move: U-turn
|
|upkeep
|inactive|Time left: 250 sec this turn | 250 sec total
|
|t:|1650297406
|switch|p2a: Voice|Luxelong, F|401\/401
|turn|5
|inactive|Time left: 255 sec this turn | 255 sec total
|
|t:|1650297414
|move|p2a: Voice|Substitute|p2a: Voice
|-start|p2a: Voice|Substitute
|-damage|p2a: Voice|301\/401
|move|p1a: Tank4eons|Scald|p2a: Voice
|-resisted|p2a: Voice
|-activate|p2a: Voice|move: Substitute|[damage]
|
|upkeep
|turn|6
|inactive|Time left: 265 sec this turn | 265 sec total
|
|t:|1650297426
|switch|p1a: Brainbot|S51-A, shiny|100\/100
|move|p2a: Voice|Baton Pass|p2a: Voice
|inactive|Time left: 260 sec this turn | 260 sec total
|
|t:|1650297433
|switch|p2a: "Good in Webs"|S51-A|361\/361
|
|upkeep
|turn|7
|inactive|Time left: 265 sec this turn | 265 sec total
|
|t:|1650297456
|detailschange|p2a: "Good in Webs"|S51-A-Mega
|-mega|p2a: "Good in Webs"|S51-A|Unidentified Fallen Object
|move|p2a: "Good in Webs"|Nasty Plot|p2a: "Good in Webs"
|-boost|p2a: "Good in Webs"|spa|2
|move|p1a: Brainbot|Psychic|p2a: "Good in Webs"
|-resisted|p2a: "Good in Webs"
|-activate|p2a: "Good in Webs"|move: Substitute|[damage]
|
|upkeep
|turn|8
|inactive|Time left: 255 sec this turn | 255 sec total
|
|t:|1650297464
|move|p2a: "Good in Webs"|Heat Wave|p1a: Brainbot
|-supereffective|p1a: Brainbot
|-damage|p1a: Brainbot|0 fnt
|faint|p1a: Brainbot
|
|upkeep
|inactive|Time left: 255 sec this turn | 255 sec total
|
|t:|1650297471
|switch|p1a: Tank4eons|Vaporeon, F|100\/100
|turn|9
|inactive|Time left: 265 sec this turn | 265 sec total
|
|t:|1650297474
|move|p2a: "Good in Webs"|Thunderbolt|p1a: Tank4eons
|-supereffective|p1a: Tank4eons
|-damage|p1a: Tank4eons|30\/100
|move|p1a: Tank4eons|Scald|p2a: "Good in Webs"
|-end|p2a: "Good in Webs"|Substitute
|
|upkeep
|turn|10
|inactive|Time left: 275 sec this turn | 275 sec total
|inactive|UraniumSceptile has 270 seconds left.
|
|t:|1650297486
|move|p2a: "Good in Webs"|Thunderbolt|p1a: Tank4eons
|-supereffective|p1a: Tank4eons
|-damage|p1a: Tank4eons|0 fnt
|faint|p1a: Tank4eons
|
|upkeep
|inactive|Time left: 270 sec this turn | 270 sec total
|
|t:|1650297488
|switch|p1a: Mr. 101|Inflagetah, M|42\/100
|turn|11
|inactive|Time left: 280 sec this turn | 280 sec total
|inactive|UraniumSceptile has 270 seconds left.
|inactive|UraniumSceptile has 240 seconds left.
|inactive|UraniumSceptile has 210 seconds left.
|l|@Poisseman
|
|t:|1650297575
|switch|p2a: zoom|Jolteon, M|289\/289
|move|p1a: Mr. 101|Flame Impact|p2a: zoom
|-damage|p2a: zoom|0 fnt
|faint|p2a: zoom
|-damage|p1a: Mr. 101|32\/100|[from] item: Life Orb
|
|upkeep
|inactive|Time left: 200 sec this turn | 200 sec total
|
|t:|1650297582
|switch|p2a: Voice|Luxelong, F|401\/401
|turn|12
|inactive|Time left: 205 sec this turn | 205 sec total
|
|t:|1650297597
|move|p1a: Mr. 101|Extreme Speed|p2a: Voice
|-damage|p2a: Voice|187\/401
|-damage|p1a: Mr. 101|22\/100|[from] item: Life Orb
|move|p2a: Voice|Moonblast|p1a: Mr. 101
|-resisted|p1a: Mr. 101
|-damage|p1a: Mr. 101|1\/100
|-unboost|p1a: Mr. 101|spa|1
|
|upkeep
|turn|13
|inactive|Time left: 205 sec this turn | 205 sec total
|j|@Poisseman
|inactive|UraniumSceptile has 180 seconds left.
|
|t:|1650297624
|switch|p1a: Armor Abs Krabs|Cocancer-Mystery, M|100\/100
|switch|p2a: Scarf Eruption|Lavent, F|341\/341
|
|upkeep
|turn|14
|inactive|Time left: 190 sec this turn | 190 sec total
|inactive|UraniumSceptile has 180 seconds left.
|inactive|UraniumSceptile has 150 seconds left.
|
|t:|1650297666
|move|p1a: Armor Abs Krabs|Earthquake|p2a: Scarf Eruption
|-supereffective|p2a: Scarf Eruption
|-damage|p2a: Scarf Eruption|0 fnt
|faint|p2a: Scarf Eruption
|
|upkeep
|inactive|Time left: 155 sec this turn | 155 sec total
|inactive|UraniumSceptile has 150 seconds left.
|
|t:|1650297681
|switch|p2a: Voice|Luxelong, F|320\/401
|turn|15
|inactive|Time left: 150 sec this turn | 150 sec total
|
|t:|1650297700
|move|p1a: Armor Abs Krabs|Shell Smash|p1a: Armor Abs Krabs
|-unboost|p1a: Armor Abs Krabs|def|1
|-unboost|p1a: Armor Abs Krabs|spd|1
|-boost|p1a: Armor Abs Krabs|atk|2
|-boost|p1a: Armor Abs Krabs|spa|2
|-boost|p1a: Armor Abs Krabs|spe|2
|move|p2a: Voice|Flamethrower|p1a: Armor Abs Krabs
|-supereffective|p1a: Armor Abs Krabs
|-damage|p1a: Armor Abs Krabs|59\/100
|
|upkeep
|turn|16
|inactive|Time left: 155 sec this turn | 155 sec total
|inactive|UraniumSceptile has 150 seconds left.
|
|t:|1650297714
|move|p1a: Armor Abs Krabs|Earthquake|p2a: Voice
|-damage|p2a: Voice|2\/401
|move|p2a: Voice|Flamethrower|p1a: Armor Abs Krabs
|-supereffective|p1a: Armor Abs Krabs
|-damage|p1a: Armor Abs Krabs|17\/100
|-status|p1a: Armor Abs Krabs|brn
|
|-damage|p1a: Armor Abs Krabs|5\/100 brn|[from] brn
|upkeep
|turn|17
|inactive|Time left: 155 sec this turn | 155 sec total
|inactive|UraniumSceptile has 150 seconds left.
|c|☆DanielG234|bruh
|c|☆DanielG234|nooooo
|inactive|UraniumSceptile has 120 seconds left.
|inactive|UraniumSceptile has 90 seconds left.
|inactive|UraniumSceptile has 60 seconds left.
|
|t:|1650297837
|switch|p2a: "Good in Webs"|S51-A-Mega|361\/361
|move|p1a: Armor Abs Krabs|Earthquake|p2a: "Good in Webs"
|-supereffective|p2a: "Good in Webs"
|-damage|p2a: "Good in Webs"|30\/361
|
|-damage|p1a: Armor Abs Krabs|0 fnt|[from] brn
|faint|p1a: Armor Abs Krabs
|upkeep
|inactive|Time left: 40 sec this turn | 40 sec total
|
|t:|1650297840
|switch|p1a: Mr. 101|Inflagetah, M|1\/100
|turn|18
|inactive|Time left: 50 sec this turn | 50 sec total
|
|t:|1650297847
|move|p1a: Mr. 101|Extreme Speed|p2a: "Good in Webs"
|-resisted|p2a: "Good in Webs"
|-damage|p2a: "Good in Webs"|0 fnt
|faint|p2a: "Good in Webs"
|-damage|p1a: Mr. 101|0 fnt|[from] item: Life Orb
|faint|p1a: Mr. 101
|
|win|UraniumSceptile
|inactive|Time left: 50 sec this turn | 50 sec total
|c|☆UraniumSceptile|gg
|c|☆DanielG234|lost to a flamethrower burn 
|c|☆DanielG234|gg</script>
</div>
<div class="battle-log battle-log-inline"><div class="inner"><div class="battle-options"><div style="padding-top: 3px; padding-right: 3px; text-align: right"><button class="icon button" name="openBattleOptions" title="Options">Battle Options</button></div></div><div class="inner message-log"><div class="chat"><small>☆DanielG234 and ☆UraniumSceptile joined</small></div><div class=""><small>Format:</small> <br><strong>[Gen 6] Gamma</strong></div><div class=""><small><em>Sleep Clause Mod:</em> Limit one foe put to sleep</small></div><div class=""><small><em>Species Clause:</em> Limit one of each Pokémon</small></div><div class=""><small><em>OHKO Clause:</em> OHKO moves are banned</small></div><div class=""><small><em>Moody Clause:</em> Moody is banned</small></div><div class=""><small><em>Evasion Moves Clause:</em> Evasion moves are banned</small></div><div class=""><small><em>Endless Battle Clause:</em> Forcing endless battles is banned</small></div><div class=""><small><em>HP Percentage Mod:</em> HP is shown in percentages</small></div><div class=""><small><em>Nuclear Clause Mod:</em> Non-Nuclear Pokémon can't use Nuclear-type moves</small></div><div class=""><small><em>Soft Baton Pass Mod:</em> Baton Pass doesn't pass positive stat boosts</small></div><div class="chat battle-history"><strong>DanielG234's team:</strong> <em style="color:#445566;display:block;">Geigeroach / Vaporeon / Inflagetah / Actan / S51-A / Cocancer-Mystery</em></div><div class="chat battle-history"><strong>UraniumSceptile's team:</strong> <em style="color:#445566;display:block;">Luxelong / S51-A / Lavent / Harptera / Jolteon / Feliger</em></div><div class="chat message-error">Battle timer is ON: inactive players will automatically lose when time's up. (requested by UraniumSceptile)</div><div class="chat chatmessage-uraniumsceptile mine"><strong style="color:#2591d4"><small>☆</small><span class="username" data-name="UraniumSceptile">UraniumSceptile</span>:</strong> <em>glhf</em></div><div class="chat chatmessage-danielg234"><strong style="color:#3d9444"><small>☆</small><span class="username" data-name="DanielG234">DanielG234</span>:</strong> <em>u2</em></div><div class="chat"><small>@Jabuloso joined</small></div><div class="chat chatmessage-danielg234"><strong style="color:#3d9444"><small>☆</small><span class="username" data-name="DanielG234">DanielG234</span>:</strong> <em>we doing timer or waiting for guys</em></div><div class="chat chatmessage-uraniumsceptile mine"><strong style="color:#2591d4"><small>☆</small><span class="username" data-name="UraniumSceptile">UraniumSceptile</span>:</strong> <em>let's move</em></div><div class="chat chatmessage-uraniumsceptile mine"><strong style="color:#2591d4"><small>☆</small><span class="username" data-name="UraniumSceptile">UraniumSceptile</span>:</strong> <em>i have class at 1</em></div><div class="chat chatmessage-danielg234"><strong style="color:#3d9444"><small>☆</small><span class="username" data-name="DanielG234">DanielG234</span>:</strong> <em>ah</em></div><div class="chat message-error">DanielG234 has 270 seconds left.</div><div class="spacer battle-history"><br></div><div class="battle-history">Battle started between DanielG234 and UraniumSceptile!<br></div><div class="spacer battle-history"><br></div><div class="battle-history">DanielG234 sent out Buschwick (<strong>Geigeroach</strong>)!<br></div><div class="spacer battle-history"><br></div><div class="battle-history">Go! Padding (<strong>Feliger</strong>)!<br></div><div class="battle-history">[Padding's Lazy]<br><small>Padding fell asleep!</small><br></div><div class="battle-history"><small>(Padding ate its Lum Berry!)</small><br></div><div class="battle-history"><small>Padding woke up!</small><br></div><div class="spacer battle-history"><br></div><h2 class="battle-history">Turn 1</h2><div class="chat"><small> pikakip379 joined</small></div><div class="spacer battle-history"><br></div><div class="battle-history">The opposing Buschwick used <strong>Proton Beam</strong>!<br></div><div class="battle-history"><small>It's super effective!</small><br></div><div class="battle-history"><small>(Padding lost <abbr title="−234/443">52.8%</abbr> of its health!)</small><br></div><div class="battle-history"><small>The opposing Buschwick's Sp. Atk fell harshly!</small><br></div><div class="spacer battle-history"><br></div><div class="battle-history">Padding used <strong>Dual Chop</strong>!<br></div><div class="battle-history"><small>It's super effective!</small><br></div><div class="battle-history"><small>A critical hit!</small><br></div><div class="battle-history"><small>(The opposing Buschwick lost 55% of its health!)</small><br></div><div class="battle-history"><small>It's super effective!</small><br></div><div class="battle-history"><small>A critical hit!</small><br></div><div class="battle-history"><small>(The opposing Buschwick lost 45% of its health!)</small><br></div><div class="spacer battle-history"><br></div><div class="battle-history">The opposing Buschwick fainted!<br></div><div class="battle-history"><small>The Pokémon was hit 2 times!</small><br></div><div class="spacer battle-history"><br></div><div class="battle-history">DanielG234 sent out Debierne (<strong>Actan</strong>)!<br></div><div class="battle-history">[The opposing Debierne's Intimidate]<br></div><div class="battle-history"><small>Padding's Attack fell!</small><br></div><div class="spacer battle-history"><br></div><h2 class="battle-history">Turn 2</h2><div class="chat message-error">DanielG234 has 270 seconds left.</div><div class="chat message-error">UraniumSceptile has 270 seconds left.</div><div class="spacer battle-history"><br></div><div class="battle-history">The opposing Debierne used <strong>Metal Cruncher</strong>!<br></div><div class="battle-history"><small>(Padding lost <abbr title="−209/443">47.2%</abbr> of its health!)</small><br></div><div class="spacer battle-history"><br></div><div class="battle-history">Padding fainted!<br></div><div class="chat message-error">UraniumSceptile has 270 seconds left.</div><div class="chat"><small>@Poisseman joined</small></div><div class="spacer battle-history"><br></div><div class="battle-history">Go! demon bug (<strong>Harptera</strong>)!<br></div><div class="spacer battle-history"><br></div><h2 class="battle-history">Turn 3</h2><div class="spacer battle-history"><br></div><div class="battle-history">The opposing Debierne used <strong>Metal Cruncher</strong>!<br></div><div class="battle-history"><small>(demon bug lost <abbr title="−280/281">99.6%</abbr> of its health!)</small><br></div><div class="battle-history"><small>demon bug's Defense fell!</small><br></div><div class="spacer battle-history"><br></div><div class="battle-history">demon bug used <strong>Brick Break</strong>!<br></div><div class="battle-history"><small>It's super effective!</small><br></div><div class="battle-history"><small>A critical hit!</small><br></div><div class="battle-history"><small>(The opposing Debierne lost 100% of its health!)</small><br></div><div class="spacer battle-history"><br></div><div class="battle-history">The opposing Debierne fainted!<br></div><div class="spacer battle-history"><br></div><div class="battle-history">DanielG234 sent out Mr. 101 (<strong>Inflagetah</strong>)!<br></div><div class="spacer battle-history"><br></div><h2 class="battle-history">Turn 4</h2><div class="chat message-error">UraniumSceptile has 240 seconds left.</div><div class="spacer battle-history"><br></div><div class="battle-history">demon bug used <strong>Acrobatics</strong>!<br></div><div class="battle-history"><small>(The opposing Mr. 101 lost 48% of its health!)</small><br></div><div class="spacer battle-history"><br></div><div class="battle-history">The opposing Mr. 101 used <strong>U-turn</strong>!<br></div><div class="battle-history"><small>It's not very effective...</small><br></div><div class="battle-history"><small>(demon bug lost <abbr title="−1/281">0.4%</abbr> of its health!)</small><br></div><div class="spacer battle-history"><br></div><div class="battle-history">demon bug fainted!<br></div><div class="battle-history"><small>The opposing Mr. 101 lost some of its HP!</small><br></div><div class="spacer battle-history"><br></div><div class="battle-history">The opposing Mr. 101 went back to DanielG234!<br></div><div class="battle-history">DanielG234 sent out Tank4eons (<strong>Vaporeon</strong>)!<br></div><div class="spacer battle-history"><br></div><div class="battle-history">Go! Voice (<strong>Luxelong</strong>)!<br></div><div class="spacer battle-history"><br></div><h2 class="battle-history">Turn 5</h2><div class="spacer battle-history"><br></div><div class="battle-history">Voice used <strong>Substitute</strong>!<br></div><div class="battle-history"><small>Voice put in a substitute!</small><br></div><div class="battle-history"><small>(Voice lost <abbr title="−100/401">24.9%</abbr> of its health!)</small><br></div><div class="spacer battle-history"><br></div><div class="battle-history">The opposing Tank4eons used <strong>Scald</strong>!<br></div><div class="battle-history"><small>It's not very effective...</small><br></div><div class="battle-history"><small>The substitute took damage for Voice!</small><br></div><div class="spacer battle-history"><br></div><h2 class="battle-history">Turn 6</h2><div class="spacer battle-history"><br></div><div class="battle-history">DanielG234 withdrew Tank4eons!<br></div><div class="battle-history">DanielG234 sent out Brainbot (<strong>S51-A</strong>)!<br></div><div class="spacer battle-history"><br></div><div class="battle-history">Voice used <strong>Baton Pass</strong>!<br></div><div class="spacer battle-history"><br></div><div class="battle-history">Go! "Good in Webs" (<strong>S51-A</strong>)!<br></div><div class="spacer battle-history"><br></div><h2 class="battle-history">Turn 7</h2><div class="spacer battle-history"><br></div><div class="battle-history"><small>"Good in Webs"'s Unidentified Fallen Object is reacting to UraniumSceptile's Mega Bracelet!</small><br>"Good in Webs" has Mega Evolved into Mega S51-A!<br></div><div class="spacer battle-history"><br></div><div class="battle-history">"Good in Webs" used <strong>Nasty Plot</strong>!<br></div><div class="battle-history"><small>"Good in Webs"'s Sp. Atk rose sharply!</small><br></div><div class="spacer battle-history"><br></div><div class="battle-history">The opposing Brainbot used <strong>Psychic</strong>!<br></div><div class="battle-history"><small>It's not very effective...</small><br></div><div class="battle-history"><small>The substitute took damage for "Good in Webs"!</small><br></div><div class="spacer battle-history"><br></div><h2 class="battle-history">Turn 8</h2><div class="spacer battle-history"><br></div><div class="battle-history">"Good in Webs" used <strong>Heat Wave</strong>!<br></div><div class="battle-history"><small>It's super effective!</small><br></div><div class="battle-history"><small>(The opposing Brainbot lost 100% of its health!)</small><br></div><div class="spacer battle-history"><br></div><div class="battle-history">The opposing Brainbot fainted!<br></div><div class="spacer battle-history"><br></div><div class="battle-history">DanielG234 sent out Tank4eons (<strong>Vaporeon</strong>)!<br></div><div class="spacer battle-history"><br></div><h2 class="battle-history">Turn 9</h2><div class="spacer battle-history"><br></div><div class="battle-history">"Good in Webs" used <strong>Thunderbolt</strong>!<br></div><div class="battle-history"><small>It's super effective!</small><br></div><div class="battle-history"><small>(The opposing Tank4eons lost 70% of its health!)</small><br></div><div class="spacer battle-history"><br></div><div class="battle-history">The opposing Tank4eons used <strong>Scald</strong>!<br></div><div class="battle-history"><small>"Good in Webs"'s substitute faded!</small><br></div><div class="spacer battle-history"><br></div><h2 class="battle-history">Turn 10</h2><div class="chat message-error">UraniumSceptile has 270 seconds left.</div><div class="spacer battle-history"><br></div><div class="battle-history">"Good in Webs" used <strong>Thunderbolt</strong>!<br></div><div class="battle-history"><small>It's super effective!</small><br></div><div class="battle-history"><small>(The opposing Tank4eons lost 30% of its health!)</small><br></div><div class="spacer battle-history"><br></div><div class="battle-history">The opposing Tank4eons fainted!<br></div><div class="spacer battle-history"><br></div><div class="battle-history">DanielG234 sent out Mr. 101 (<strong>Inflagetah</strong>)!<br></div><div class="spacer battle-history"><br></div><h2 class="battle-history">Turn 11</h2><div class="chat message-error">UraniumSceptile has 270 seconds left.</div><div class="chat message-error">UraniumSceptile has 240 seconds left.</div><div class="chat message-error">UraniumSceptile has 210 seconds left.</div><div class="chat"><small>@Poisseman left</small></div><div class="spacer battle-history"><br></div><div class="battle-history">"Good in Webs", come back!<br></div><div class="battle-history">Go! zoom (<strong>Jolteon</strong>)!<br></div><div class="spacer battle-history"><br></div><div class="battle-history">The opposing Mr. 101 used <strong>Flame Impact</strong>!<br></div><div class="battle-history"><small>(zoom lost <abbr title="−289/289">100%</abbr> of its health!)</small><br></div><div class="spacer battle-history"><br></div><div class="battle-history">zoom fainted!<br></div><div class="battle-history"><small>The opposing Mr. 101 lost some of its HP!</small><br></div><div class="spacer battle-history"><br></div><div class="battle-history">Go! Voice (<strong>Luxelong</strong>)!<br></div><div class="spacer battle-history"><br></div><h2 class="battle-history">Turn 12</h2><div class="spacer battle-history"><br></div><div class="battle-history">The opposing Mr. 101 used <strong>Extreme Speed</strong>!<br></div><div class="battle-history"><small>(Voice lost <abbr title="−214/401">53.4%</abbr> of its health!)</small><br></div><div class="battle-history"><small>The opposing Mr. 101 lost some of its HP!</small><br></div><div class="spacer battle-history"><br></div><div class="battle-history">Voice used <strong>Moonblast</strong>!<br></div><div class="battle-history"><small>It's not very effective...</small><br></div><div class="battle-history"><small>(The opposing Mr. 101 lost 21% of its health!)</small><br></div><div class="battle-history"><small>The opposing Mr. 101's Sp. Atk fell!</small><br></div><div class="spacer battle-history"><br></div><h2 class="battle-history">Turn 13</h2><div class="chat"><small>@Poisseman joined</small></div><div class="chat message-error">UraniumSceptile has 180 seconds left.</div><div class="spacer battle-history"><br></div><div class="battle-history">DanielG234 withdrew Mr. 101!<br></div><div class="battle-history">DanielG234 sent out Armor Abs Krabs (<strong>Cocancer-Mystery</strong>)!<br></div><div class="spacer battle-history"><br></div><div class="battle-history">Voice, come back!<br></div><div class="battle-history">Go! Scarf Eruption (<strong>Lavent</strong>)!<br></div><div class="spacer battle-history"><br></div><h2 class="battle-history">Turn 14</h2><div class="chat message-error">UraniumSceptile has 180 seconds left.</div><div class="chat message-error">UraniumSceptile has 150 seconds left.</div><div class="spacer battle-history"><br></div><div class="battle-history">The opposing Armor Abs Krabs used <strong>Earthquake</strong>!<br></div><div class="battle-history"><small>It's super effective!</small><br></div><div class="battle-history"><small>(Scarf Eruption lost <abbr title="−341/341">100%</abbr> of its health!)</small><br></div><div class="spacer battle-history"><br></div><div class="battle-history">Scarf Eruption fainted!<br></div><div class="chat message-error">UraniumSceptile has 150 seconds left.</div><div class="spacer battle-history"><br></div><div class="battle-history">Go! Voice (<strong>Luxelong</strong>)!<br></div><div class="spacer battle-history"><br></div><h2 class="battle-history">Turn 15</h2><div class="spacer battle-history"><br></div><div class="battle-history">The opposing Armor Abs Krabs used <strong>Shell Smash</strong>!<br></div><div class="battle-history"><small>The opposing Armor Abs Krabs's Defense fell!</small><br></div><div class="battle-history"><small>The opposing Armor Abs Krabs's Sp. Def fell!</small><br></div><div class="battle-history"><small>The opposing Armor Abs Krabs's Attack rose sharply!</small><br></div><div class="battle-history"><small>The opposing Armor Abs Krabs's Sp. Atk rose sharply!</small><br></div><div class="battle-history"><small>The opposing Armor Abs Krabs's Speed rose sharply!</small><br></div><div class="spacer battle-history"><br></div><div class="battle-history">Voice used <strong>Flamethrower</strong>!<br></div><div class="battle-history"><small>It's super effective!</small><br></div><div class="battle-history"><small>(The opposing Armor Abs Krabs lost 41% of its health!)</small><br></div><div class="spacer battle-history"><br></div><h2 class="battle-history">Turn 16</h2><div class="chat message-error">UraniumSceptile has 150 seconds left.</div><div class="spacer battle-history"><br></div><div class="battle-history">The opposing Armor Abs Krabs used <strong>Earthquake</strong>!<br></div><div class="battle-history"><small>(Voice lost <abbr title="−318/401">79.3%</abbr> of its health!)</small><br></div><div class="spacer battle-history"><br></div><div class="battle-history">Voice used <strong>Flamethrower</strong>!<br></div><div class="battle-history"><small>It's super effective!</small><br></div><div class="battle-history"><small>(The opposing Armor Abs Krabs lost 42% of its health!)</small><br></div><div class="battle-history"><small>The opposing Armor Abs Krabs was burned!</small><br></div><div class="spacer battle-history"><br></div><div class="battle-history"><small>The opposing Armor Abs Krabs was hurt by its burn!</small><br></div><div class="spacer battle-history"><br></div><h2 class="battle-history">Turn 17</h2><div class="chat message-error">UraniumSceptile has 150 seconds left.</div><div class="chat chatmessage-danielg234"><strong style="color:#3d9444"><small>☆</small><span class="username" data-name="DanielG234">DanielG234</span>:</strong> <em>bruh</em></div><div class="chat chatmessage-danielg234"><strong style="color:#3d9444"><small>☆</small><span class="username" data-name="DanielG234">DanielG234</span>:</strong> <em>nooooo</em></div><div class="chat message-error">UraniumSceptile has 120 seconds left.</div><div class="chat message-error">UraniumSceptile has 90 seconds left.</div><div class="chat message-error">UraniumSceptile has 60 seconds left.</div><div class="spacer battle-history"><br></div><div class="battle-history">Voice, come back!<br></div><div class="battle-history">Go! "Good in Webs" (<strong>S51-A-Mega</strong>)!<br></div><div class="spacer battle-history"><br></div><div class="battle-history">The opposing Armor Abs Krabs used <strong>Earthquake</strong>!<br></div><div class="battle-history"><small>It's super effective!</small><br></div><div class="battle-history"><small>("Good in Webs" lost <abbr title="−331/361">91.7%</abbr> of its health!)</small><br></div><div class="spacer battle-history"><br></div><div class="battle-history"><small>The opposing Armor Abs Krabs was hurt by its burn!</small><br></div><div class="spacer battle-history"><br></div><div class="battle-history">The opposing Armor Abs Krabs fainted!<br></div><div class="spacer battle-history"><br></div><div class="battle-history">DanielG234 sent out Mr. 101 (<strong>Inflagetah</strong>)!<br></div><div class="spacer battle-history"><br></div><h2 class="battle-history">Turn 18</h2><div class="spacer battle-history"><br></div><div class="battle-history">The opposing Mr. 101 used <strong>Extreme Speed</strong>!<br></div><div class="battle-history"><small>It's not very effective...</small><br></div><div class="battle-history"><small>("Good in Webs" lost <abbr title="−30/361">8.3%</abbr> of its health!)</small><br></div><div class="spacer battle-history"><br></div><div class="battle-history">"Good in Webs" fainted!<br></div><div class="battle-history"><small>The opposing Mr. 101 lost some of its HP!</small><br></div><div class="spacer battle-history"><br></div><div class="battle-history">The opposing Mr. 101 fainted!<br></div><div class="spacer battle-history"><br></div><div class="battle-history"><strong>UraniumSceptile</strong> won the battle!<br></div><div class="chat chatmessage-uraniumsceptile mine"><strong style="color:#2591d4"><small>☆</small><span class="username" data-name="UraniumSceptile">UraniumSceptile</span>:</strong> <em>gg</em></div><div class="chat chatmessage-danielg234"><strong style="color:#3d9444"><small>☆</small><span class="username" data-name="DanielG234">DanielG234</span>:</strong> <em>lost to a flamethrower burn </em></div><div class="chat chatmessage-danielg234"><strong style="color:#3d9444"><small>☆</small><span class="username" data-name="DanielG234">DanielG234</span>:</strong> <em>gg</em></div></div><div class="inner-preempt message-log"></div></div></div>
</div>
<script>
let daily = Math.floor(Date.now()/1000/60/60/24);document.write('<script src="https://cdn.jsdelivr.net/gh/eriedaberrie/pokemon-showdown-client@master/js/replay-embed.template.js?version'+daily+'" onerror="let defaultscript = document.createElement(\'script\'); defaultscript.src = \'https://play.pokemonshowdown.com/js/replay-embed.template.js?version\'+daily; defaultscript.onload = function () {alert(\'Custom Uranium script failed to load, defaulted to regular showdown graphics.\');}; document.head.appendChild(defaultscript);"></'+'script>');
</script>
