<!DOCTYPE html>
<meta charset="utf-8" />
<!-- version 1 -->
<title>[Gen 6] Gamma replay: pikakip379 vs. ThinkingSceptile</title>
<style>
html,body {font-family:Verdana, sans-serif;font-size:10pt;margin:0;padding:0;}body{padding:12px 0;} .battle-log {font-family:Verdana, sans-serif;font-size:10pt;} .battle-log-inline {border:1px solid #AAAAAA;background:#EEF2F5;color:black;max-width:640px;margin:0 auto 80px;padding-bottom:5px;} .battle-log .inner {padding:4px 8px 0px 8px;} .battle-log .inner-preempt {padding:0 8px 4px 8px;} .battle-log .inner-after {margin-top:0.5em;} .battle-log h2 {margin:0.5em -8px;padding:4px 8px;border:1px solid #AAAAAA;background:#E0E7EA;border-left:0;border-right:0;font-family:Verdana, sans-serif;font-size:13pt;} .battle-log .chat {vertical-align:middle;padding:3px 0 3px 0;font-size:8pt;} .battle-log .chat strong {color:#40576A;} .battle-log .chat em {padding:1px 4px 1px 3px;color:#000000;font-style:normal;} .chat.mine {background:rgba(0,0,0,0.05);margin-left:-8px;margin-right:-8px;padding-left:8px;padding-right:8px;} .spoiler {color:#BBBBBB;background:#BBBBBB;padding:0px 3px;} .spoiler:hover, .spoiler:active, .spoiler-shown {color:#000000;background:#E2E2E2;padding:0px 3px;} .spoiler a {color:#BBBBBB;} .spoiler:hover a, .spoiler:active a, .spoiler-shown a {color:#2288CC;} .chat code, .chat .spoiler:hover code, .chat .spoiler:active code, .chat .spoiler-shown code {border:1px solid #C0C0C0;background:#EEEEEE;color:black;padding:0 2px;} .chat .spoiler code {border:1px solid #CCCCCC;background:#CCCCCC;color:#CCCCCC;} .battle-log .rated {padding:3px 4px;} .battle-log .rated strong {color:white;background:#89A;padding:1px 4px;border-radius:4px;} .spacer {margin-top:0.5em;} .message-announce {background:#6688AA;color:white;padding:1px 4px 2px;} .message-announce a, .broadcast-green a, .broadcast-blue a, .broadcast-red a {color:#DDEEFF;} .broadcast-green {background-color:#559955;color:white;padding:2px 4px;} .broadcast-blue {background-color:#6688AA;color:white;padding:2px 4px;} .infobox {border:1px solid #6688AA;padding:2px 4px;} .infobox-limited {max-height:200px;overflow:auto;overflow-x:hidden;} .broadcast-red {background-color:#AA5544;color:white;padding:2px 4px;} .message-learn-canlearn {font-weight:bold;color:#228822;text-decoration:underline;} .message-learn-cannotlearn {font-weight:bold;color:#CC2222;text-decoration:underline;} .message-effect-weak {font-weight:bold;color:#CC2222;} .message-effect-resist {font-weight:bold;color:#6688AA;} .message-effect-immune {font-weight:bold;color:#666666;} .message-learn-list {margin-top:0;margin-bottom:0;} .message-throttle-notice, .message-error {color:#992222;} .message-overflow, .chat small.message-overflow {font-size:0pt;} .message-overflow::before {font-size:9pt;content:'...';} .subtle {color:#3A4A66;}
</style>
<div class="wrapper replay-wrapper" style="max-width:1180px;margin:0 auto">
<input type="hidden" name="replayid" value="unregisteredserver-gen6gamma-123" />
<div class="battle"></div><div class="battle-log"></div><div class="replay-controls"></div><div class="replay-controls-2"></div>
<h1 style="font-weight:normal;text-align:center"><strong>[Gen 6] Gamma</strong><br /><a href="http://pokemonshowdown.com/users/pikakip379" class="subtle" target="_blank">pikakip379</a> vs. <a href="http://pokemonshowdown.com/users/thinkingsceptile" class="subtle" target="_blank">ThinkingSceptile</a></h1>
<script type="text/plain" class="battle-log-data">|j|☆pikakip379
|j|☆ThinkingSceptile

|t:|1642458335
|gametype|singles
|player|p1|pikakip379|vitor|
|player|p2|ThinkingSceptile|265|
|teamsize|p1|6
|teamsize|p2|6
|gen|6
|tier|[Gen 6] Gamma
|rule|Sleep Clause Mod: Limit one foe put to sleep
|rule|Species Clause: Limit one of each Pokémon
|rule|OHKO Clause: OHKO moves are banned
|rule|Moody Clause: Moody is banned
|rule|Evasion Moves Clause: Evasion moves are banned
|rule|Endless Battle Clause: Forcing endless battles is banned
|rule|HP Percentage Mod: HP is shown in percentages
|rule|Nuclear Clause Mod: Non-Nuclear Pokémon can't use Nuclear-type moves
|rule|Soft Baton Pass Mod: Baton Pass doesn't pass positive stat boosts
|clearpoke
|poke|p1|Nimflora, F|item
|poke|p1|Baariette, M|item
|poke|p1|Antarki, F|item
|poke|p1|Escartress, M|item
|poke|p1|Paraboom, F|item
|poke|p1|S51-A|item
|poke|p2|Laissure, M|item
|poke|p2|Antarki, F|item
|poke|p2|Frosthra, M|item
|poke|p2|Navighast, M|item
|poke|p2|S51-A|item
|poke|p2|Kiricorn, F|item
|teampreview
|j| PyroPM
|c|☆pikakip379|hey after this
|
|t:|1642458351
|start
|switch|p1a: Nimesis|Nimflora, F, shiny|100\/100
|switch|p2a: Kiricorn|Kiricorn, F|291\/291
|turn|1
|c|☆pikakip379|anyone wanna do Gen 6 NDAG?
|
|t:|1642458364
|detailschange|p2a: Kiricorn|Kiricorn-Mega, F
|-mega|p2a: Kiricorn|Kiricorn|Kiricornite
|move|p2a: Kiricorn|Swords Dance|p2a: Kiricorn
|-boost|p2a: Kiricorn|atk|2
|move|p1a: Nimesis|Sticky Web|p2a: Kiricorn
|move|p2a: Kiricorn|Sticky Web|p1a: Nimesis|[from]ability: Magic Bounce
|-sidestart|p1: pikakip379|move: Sticky Web
|
|upkeep
|turn|2
|c|☆ThinkingSceptile|LOL
|c|☆pikakip379|I see
|c| PyroPM|INTERESTING
|c|☆ThinkingSceptile|someone forgot they're not on sim
|c|☆pikakip379|nah
|
|t:|1642458390
|move|p2a: Kiricorn|Return|p1a: Nimesis
|-enditem|p1a: Nimesis|Focus Sash
|-damage|p1a: Nimesis|1\/100
|move|p1a: Nimesis|U-turn|p2a: Kiricorn
|-resisted|p2a: Kiricorn
|-damage|p2a: Kiricorn|228\/291
|c|☆pikakip379|I just forgot MKiri had that
|
|t:|1642458403
|switch|p1a: Grobuloid|S51-A, shiny|100\/100|[from]move: U-turn
|
|upkeep
|turn|3
|j|&eriedaberrie
|
|t:|1642458415
|switch|p2a: Antarki|Antarki, F|373\/373
|move|p1a: Grobuloid|Rapid Spin|p2a: Antarki
|-immune|p2a: Antarki
|
|upkeep
|turn|4
|
|t:|1642458425
|switch|p1a: Escargoon|Escartress, M|100\/100
|-activate|p1a: Escargoon|move: Sticky Web
|-unboost|p1a: Escargoon|spe|1
|move|p2a: Antarki|Flamethrower|p1a: Escargoon
|-resisted|p1a: Escargoon
|-damage|p1a: Escargoon|80\/100
|
|upkeep
|turn|5
|c| PyroPM|scep's not using my mixed kiri...
|
|t:|1642458455
|switch|p2a: Frosthra|Frosthra, M|373\/373
|move|p1a: Escargoon|Hydro Pump|p2a: Frosthra|[miss]
|-miss|p1a: Escargoon|p2a: Frosthra
|
|upkeep
|turn|6
|
|t:|1642458470
|switch|p1a: Mini-Providence|Antarki, F|100\/100
|-activate|p1a: Mini-Providence|move: Sticky Web
|-unboost|p1a: Mini-Providence|spe|1
|move|p2a: Frosthra|Freeze-Dry|p1a: Mini-Providence
|-resisted|p1a: Mini-Providence
|-damage|p1a: Mini-Providence|80\/100
|
|upkeep
|turn|7
|
|t:|1642458489
|switch|p2a: Laissure|Laissure, M|413\/413
|-ability|p2a: Laissure|Intimidate|boost
|-unboost|p1a: Mini-Providence|atk|1
|move|p1a: Mini-Providence|Calm Mind|p1a: Mini-Providence
|-boost|p1a: Mini-Providence|spa|1
|-boost|p1a: Mini-Providence|spd|1
|
|upkeep
|turn|8
|c|☆pikakip379|also after this, any of yall wanna do some Gen 6 NDAG?
|c|☆ThinkingSceptile|no that sounds like hell
|c|☆pikakip379|I made a team ive wanted to test for awhile
|c|☆pikakip379|lol
|
|t:|1642458515
|switch|p1a: Grobuloid|S51-A, shiny|100\/100
|move|p2a: Laissure|Earthquake|p1a: Grobuloid
|-immune|p1a: Grobuloid|[from] ability: Levitate
|
|upkeep
|turn|9
|c|&eriedaberrie|lmao everyones least favorite format
|c| PyroPM|i don't have a team for it
|
|t:|1642458524
|switch|p2a: Navighast|Navighast, M|363\/363
|move|p1a: Grobuloid|Rapid Spin|p2a: Navighast
|-immune|p2a: Navighast
|
|upkeep
|turn|10
|c| PyroPM|i'll play it once i make a team
|
|t:|1642458533
|switch|p1a: REEEEEEEEEEEE|Paraboom, F, shiny|100\/100
|-activate|p1a: REEEEEEEEEEEE|move: Sticky Web
|-unboost|p1a: REEEEEEEEEEEE|spe|1
|move|p2a: Navighast|Swords Dance|p2a: Navighast
|-boost|p2a: Navighast|atk|2
|
|upkeep
|turn|11
|
|t:|1642458539
|move|p2a: Navighast|Drain Punch|p1a: REEEEEEEEEEEE
|-damage|p1a: REEEEEEEEEEEE|0 fnt
|faint|p1a: REEEEEEEEEEEE
|
|upkeep
|c| PyroPM|wait no my boy
|
|t:|1642458550
|switch|p1a: Escargoon|Escartress, M|80\/100
|-activate|p1a: Escargoon|move: Sticky Web
|-unboost|p1a: Escargoon|spe|1
|turn|12
|c| PyroPM|you killed him
|c|☆pikakip379|well if 
|
|t:|1642458601
|move|p2a: Navighast|Shadow Claw|p1a: Escargoon
|-damage|p1a: Escargoon|25\/100
|-damage|p2a: Navighast|303\/363|[from] item: Rocky Helmet|[of] p1a: Escargoon
|move|p1a: Escargoon|Stealth Rock|p2a: Navighast
|-sidestart|p2: ThinkingSceptile|move: Stealth Rock
|
|upkeep
|turn|13
|c|☆pikakip379|if Pyro doesn't have an NDAG team made when were done wanna do another format?
|c| PyroPM|randoms
|
|t:|1642458625
|switch|p1a: Yuoaman|Baariette, M|100\/100
|-activate|p1a: Yuoaman|move: Sticky Web
|-unboost|p1a: Yuoaman|spe|1
|move|p2a: Navighast|Shadow Claw|p1a: Yuoaman
|-resisted|p1a: Yuoaman
|-damage|p1a: Yuoaman|52\/100
|
|upkeep
|turn|14
|
|t:|1642458630
|detailschange|p1a: Yuoaman|Baariette-Mega, M
|-mega|p1a: Yuoaman|Baariette|Baariettite
|move|p2a: Navighast|Drain Punch|p1a: Yuoaman
|-supereffective|p1a: Yuoaman
|-damage|p1a: Yuoaman|0 fnt
|-heal|p2a: Navighast|363\/363|[from] drain|[of] p1a: Yuoaman
|faint|p1a: Yuoaman
|
|upkeep
|
|t:|1642458639
|switch|p1a: Nimesis|Nimflora, F, shiny|1\/100
|-activate|p1a: Nimesis|move: Sticky Web
|-unboost|p1a: Nimesis|spe|1
|turn|15
|
|t:|1642458642
|move|p2a: Navighast|Shadow Sneak|p1a: Nimesis
|-damage|p1a: Nimesis|0 fnt
|faint|p1a: Nimesis
|
|upkeep
|c|☆pikakip379|gg im dea
|c|☆pikakip379|dead
|c|☆ThinkingSceptile|ye
|-message|pikakip379 forfeited.
|
|win|ThinkingSceptile
|l|☆pikakip379</script>
</div>
<div class="battle-log battle-log-inline"><div class="inner"><div class="battle-options"><div style="padding-top: 3px; padding-right: 3px; text-align: right"><button class="icon button" name="openBattleOptions" title="Options">Battle Options</button></div></div><div class="inner message-log"><div class="chat"><small>☆pikakip379 and ☆ThinkingSceptile joined</small></div><div class=""><small>Format:</small> <br><strong>[Gen 6] Gamma</strong></div><div class=""><small><em>Sleep Clause Mod:</em> Limit one foe put to sleep</small></div><div class=""><small><em>Species Clause:</em> Limit one of each Pokémon</small></div><div class=""><small><em>OHKO Clause:</em> OHKO moves are banned</small></div><div class=""><small><em>Moody Clause:</em> Moody is banned</small></div><div class=""><small><em>Evasion Moves Clause:</em> Evasion moves are banned</small></div><div class=""><small><em>Endless Battle Clause:</em> Forcing endless battles is banned</small></div><div class=""><small><em>HP Percentage Mod:</em> HP is shown in percentages</small></div><div class=""><small><em>Nuclear Clause Mod:</em> Non-Nuclear Pokémon can't use Nuclear-type moves</small></div><div class=""><small><em>Soft Baton Pass Mod:</em> Baton Pass doesn't pass positive stat boosts</small></div><div class="chat battle-history"><strong>pikakip379's team:</strong> <em style="color:#445566;display:block;">Nimflora / Baariette / Antarki / Escartress / Paraboom / S51-A</em></div><div class="chat battle-history"><strong>ThinkingSceptile's team:</strong> <em style="color:#445566;display:block;">Laissure / Antarki / Frosthra / Navighast / S51-A / Kiricorn</em></div><div class="chat"><small> PyroPM joined</small></div><div class="chat chatmessage-pikakip379"><strong style="color:#3ca310"><small>☆</small><span class="username" data-name="pikakip379">pikakip379</span>:</strong> <em>hey after this</em></div><div class="spacer battle-history"><br></div><div class="battle-history">Battle started between pikakip379 and ThinkingSceptile!<br></div><div class="spacer battle-history"><br></div><div class="battle-history">pikakip379 sent out Nimesis (<strong>Nimflora</strong>)!<br></div><div class="spacer battle-history"><br></div><div class="battle-history">Go! <strong>Kiricorn</strong>!<br></div><div class="spacer battle-history"><br></div><h2 class="battle-history">Turn 1</h2><div class="chat chatmessage-pikakip379"><strong style="color:#3ca310"><small>☆</small><span class="username" data-name="pikakip379">pikakip379</span>:</strong> <em>anyone wanna do Gen 6 NDAG?</em></div><div class="spacer battle-history"><br></div><div class="battle-history"><small>Kiricorn's Kiricornite is reacting to ThinkingSceptile's Mega Bracelet!</small><br>Kiricorn has Mega Evolved into Mega Kiricorn!<br></div><div class="spacer battle-history"><br></div><div class="battle-history">Kiricorn used <strong>Swords Dance</strong>!<br></div><div class="battle-history"><small>Kiricorn's Attack rose sharply!</small><br></div><div class="spacer battle-history"><br></div><div class="battle-history">The opposing Nimesis used <strong>Sticky Web</strong>!<br></div><div class="spacer battle-history"><br></div><div class="battle-history">[Kiricorn's Magic Bounce]<br>Kiricorn bounced the Sticky Web back!<br></div><div class="battle-history"><small>A sticky web has been laid out on the ground around the opposing team!</small><br></div><div class="spacer battle-history"><br></div><h2 class="battle-history">Turn 2</h2><div class="chat chatmessage-thinkingsceptile mine"><strong style="color:#2ba86c"><small>☆</small><span class="username" data-name="ThinkingSceptile">ThinkingSceptile</span>:</strong> <em>LOL</em></div><div class="chat chatmessage-pikakip379"><strong style="color:#3ca310"><small>☆</small><span class="username" data-name="pikakip379">pikakip379</span>:</strong> <em>I see</em></div><div class="chat chatmessage-pyropm"><strong style="color:#0ca10c"><small> </small><span class="username" data-name="PyroPM">PyroPM</span>:</strong> <em>INTERESTING</em></div><div class="chat chatmessage-thinkingsceptile mine"><strong style="color:#2ba86c"><small>☆</small><span class="username" data-name="ThinkingSceptile">ThinkingSceptile</span>:</strong> <em>someone forgot they're not on sim</em></div><div class="chat chatmessage-pikakip379"><strong style="color:#3ca310"><small>☆</small><span class="username" data-name="pikakip379">pikakip379</span>:</strong> <em>nah</em></div><div class="spacer battle-history"><br></div><div class="battle-history">Kiricorn used <strong>Return</strong>!<br></div><div class="battle-history"><small>The opposing Nimesis hung on using its Focus Sash!</small><br></div><div class="battle-history"><small>(The opposing Nimesis lost 99% of its health!)</small><br></div><div class="spacer battle-history"><br></div><div class="battle-history">The opposing Nimesis used <strong>U-turn</strong>!<br></div><div class="battle-history"><small>It's not very effective...</small><br></div><div class="battle-history"><small>(Kiricorn lost <abbr title="−63/291">21.6%</abbr> of its health!)</small><br></div><div class="chat chatmessage-pikakip379"><strong style="color:#3ca310"><small>☆</small><span class="username" data-name="pikakip379">pikakip379</span>:</strong> <em>I just forgot MKiri had that</em></div><div class="spacer battle-history"><br></div><div class="battle-history">The opposing Nimesis went back to pikakip379!<br></div><div class="battle-history">pikakip379 sent out Grobuloid (<strong>S51-A</strong>)!<br></div><div class="spacer battle-history"><br></div><h2 class="battle-history">Turn 3</h2><div class="chat"><small>&amp;eriedaberrie joined</small></div><div class="spacer battle-history"><br></div><div class="battle-history">Kiricorn, come back!<br></div><div class="battle-history">Go! <strong>Antarki</strong>!<br></div><div class="spacer battle-history"><br></div><div class="battle-history">The opposing Grobuloid used <strong>Rapid Spin</strong>!<br></div><div class="battle-history"><small>It doesn't affect Antarki...</small><br></div><div class="spacer battle-history"><br></div><h2 class="battle-history">Turn 4</h2><div class="spacer battle-history"><br></div><div class="battle-history">pikakip379 withdrew Grobuloid!<br></div><div class="battle-history">pikakip379 sent out Escargoon (<strong>Escartress</strong>)!<br></div><div class="battle-history"><small>The opposing Escargoon was caught in a sticky web!</small><br></div><div class="battle-history"><small>The opposing Escargoon's Speed fell!</small><br></div><div class="spacer battle-history"><br></div><div class="battle-history">Antarki used <strong>Flamethrower</strong>!<br></div><div class="battle-history"><small>It's not very effective...</small><br></div><div class="battle-history"><small>(The opposing Escargoon lost 20% of its health!)</small><br></div><div class="spacer battle-history"><br></div><h2 class="battle-history">Turn 5</h2><div class="chat chatmessage-pyropm"><strong style="color:#0ca10c"><small> </small><span class="username" data-name="PyroPM">PyroPM</span>:</strong> <em>scep's not using my mixed kiri...</em></div><div class="spacer battle-history"><br></div><div class="battle-history">Antarki, come back!<br></div><div class="battle-history">Go! <strong>Frosthra</strong>!<br></div><div class="spacer battle-history"><br></div><div class="battle-history">The opposing Escargoon used <strong>Hydro Pump</strong>!<br></div><div class="battle-history"><small>Frosthra avoided the attack!</small><br></div><div class="spacer battle-history"><br></div><h2 class="battle-history">Turn 6</h2><div class="spacer battle-history"><br></div><div class="battle-history">pikakip379 withdrew Escargoon!<br></div><div class="battle-history">pikakip379 sent out Mini-Providence (<strong>Antarki</strong>)!<br></div><div class="battle-history"><small>The opposing Mini-Providence was caught in a sticky web!</small><br></div><div class="battle-history"><small>The opposing Mini-Providence's Speed fell!</small><br></div><div class="spacer battle-history"><br></div><div class="battle-history">Frosthra used <strong>Freeze-Dry</strong>!<br></div><div class="battle-history"><small>It's not very effective...</small><br></div><div class="battle-history"><small>(The opposing Mini-Providence lost 20% of its health!)</small><br></div><div class="spacer battle-history"><br></div><h2 class="battle-history">Turn 7</h2><div class="spacer battle-history"><br></div><div class="battle-history">Frosthra, come back!<br></div><div class="battle-history">Go! <strong>Laissure</strong>!<br></div><div class="battle-history">[Laissure's Intimidate]<br></div><div class="battle-history"><small>The opposing Mini-Providence's Attack fell!</small><br></div><div class="spacer battle-history"><br></div><div class="battle-history">The opposing Mini-Providence used <strong>Calm Mind</strong>!<br></div><div class="battle-history"><small>The opposing Mini-Providence's Sp. Atk rose!</small><br></div><div class="battle-history"><small>The opposing Mini-Providence's Sp. Def rose!</small><br></div><div class="spacer battle-history"><br></div><h2 class="battle-history">Turn 8</h2><div class="chat chatmessage-pikakip379"><strong style="color:#3ca310"><small>☆</small><span class="username" data-name="pikakip379">pikakip379</span>:</strong> <em>also after this, any of yall wanna do some Gen 6 NDAG?</em></div><div class="chat chatmessage-thinkingsceptile mine"><strong style="color:#2ba86c"><small>☆</small><span class="username" data-name="ThinkingSceptile">ThinkingSceptile</span>:</strong> <em>no that sounds like hell</em></div><div class="chat chatmessage-pikakip379"><strong style="color:#3ca310"><small>☆</small><span class="username" data-name="pikakip379">pikakip379</span>:</strong> <em>I made a team ive wanted to test for awhile</em></div><div class="chat chatmessage-pikakip379"><strong style="color:#3ca310"><small>☆</small><span class="username" data-name="pikakip379">pikakip379</span>:</strong> <em>lol</em></div><div class="spacer battle-history"><br></div><div class="battle-history">pikakip379 withdrew Mini-Providence!<br></div><div class="battle-history">pikakip379 sent out Grobuloid (<strong>S51-A</strong>)!<br></div><div class="spacer battle-history"><br></div><div class="battle-history">Laissure used <strong>Earthquake</strong>!<br></div><div class="battle-history">[The opposing Grobuloid's Levitate]<br><small>It doesn't affect the opposing Grobuloid...</small><br></div><div class="spacer battle-history"><br></div><h2 class="battle-history">Turn 9</h2><div class="chat chatmessage-eriedaberrie"><strong style="color:#52a513"><small>&amp;</small><span class="username" data-name="eriedaberrie">eriedaberrie</span>:</strong> <em>lmao everyones least favorite format</em></div><div class="chat chatmessage-pyropm"><strong style="color:#0ca10c"><small> </small><span class="username" data-name="PyroPM">PyroPM</span>:</strong> <em>i don't have a team for it</em></div><div class="spacer battle-history"><br></div><div class="battle-history">Laissure, come back!<br></div><div class="battle-history">Go! <strong>Navighast</strong>!<br></div><div class="spacer battle-history"><br></div><div class="battle-history">The opposing Grobuloid used <strong>Rapid Spin</strong>!<br></div><div class="battle-history"><small>It doesn't affect Navighast...</small><br></div><div class="spacer battle-history"><br></div><h2 class="battle-history">Turn 10</h2><div class="chat chatmessage-pyropm"><strong style="color:#0ca10c"><small> </small><span class="username" data-name="PyroPM">PyroPM</span>:</strong> <em>i'll play it once i make a team</em></div><div class="spacer battle-history"><br></div><div class="battle-history">pikakip379 withdrew Grobuloid!<br></div><div class="battle-history">pikakip379 sent out REEEEEEEEEEEE (<strong>Paraboom</strong>)!<br></div><div class="battle-history"><small>The opposing REEEEEEEEEEEE was caught in a sticky web!</small><br></div><div class="battle-history"><small>The opposing REEEEEEEEEEEE's Speed fell!</small><br></div><div class="spacer battle-history"><br></div><div class="battle-history">Navighast used <strong>Swords Dance</strong>!<br></div><div class="battle-history"><small>Navighast's Attack rose sharply!</small><br></div><div class="spacer battle-history"><br></div><h2 class="battle-history">Turn 11</h2><div class="spacer battle-history"><br></div><div class="battle-history">Navighast used <strong>Drain Punch</strong>!<br></div><div class="battle-history"><small>(The opposing REEEEEEEEEEEE lost 100% of its health!)</small><br></div><div class="spacer battle-history"><br></div><div class="battle-history">The opposing REEEEEEEEEEEE fainted!<br></div><div class="chat chatmessage-pyropm"><strong style="color:#0ca10c"><small> </small><span class="username" data-name="PyroPM">PyroPM</span>:</strong> <em>wait no my boy</em></div><div class="spacer battle-history"><br></div><div class="battle-history">pikakip379 sent out Escargoon (<strong>Escartress</strong>)!<br></div><div class="battle-history"><small>The opposing Escargoon was caught in a sticky web!</small><br></div><div class="battle-history"><small>The opposing Escargoon's Speed fell!</small><br></div><div class="spacer battle-history"><br></div><h2 class="battle-history">Turn 12</h2><div class="chat chatmessage-pyropm"><strong style="color:#0ca10c"><small> </small><span class="username" data-name="PyroPM">PyroPM</span>:</strong> <em>you killed him</em></div><div class="chat chatmessage-pikakip379"><strong style="color:#3ca310"><small>☆</small><span class="username" data-name="pikakip379">pikakip379</span>:</strong> <em>well if </em></div><div class="spacer battle-history"><br></div><div class="battle-history">Navighast used <strong>Shadow Claw</strong>!<br></div><div class="battle-history"><small>(The opposing Escargoon lost 55% of its health!)</small><br></div><div class="battle-history"><small>Navighast was hurt by the Rocky Helmet!</small><br></div><div class="spacer battle-history"><br></div><div class="battle-history">The opposing Escargoon used <strong>Stealth Rock</strong>!<br></div><div class="battle-history"><small>Pointed stones float in the air around your team!</small><br></div><div class="spacer battle-history"><br></div><h2 class="battle-history">Turn 13</h2><div class="chat chatmessage-pikakip379"><strong style="color:#3ca310"><small>☆</small><span class="username" data-name="pikakip379">pikakip379</span>:</strong> <em>if Pyro doesn't have an NDAG team made when were done wanna do another format?</em></div><div class="chat chatmessage-pyropm"><strong style="color:#0ca10c"><small> </small><span class="username" data-name="PyroPM">PyroPM</span>:</strong> <em>randoms</em></div><div class="spacer battle-history"><br></div><div class="battle-history">pikakip379 withdrew Escargoon!<br></div><div class="battle-history">pikakip379 sent out Yuoaman (<strong>Baariette</strong>)!<br></div><div class="battle-history"><small>The opposing Yuoaman was caught in a sticky web!</small><br></div><div class="battle-history"><small>The opposing Yuoaman's Speed fell!</small><br></div><div class="spacer battle-history"><br></div><div class="battle-history">Navighast used <strong>Shadow Claw</strong>!<br></div><div class="battle-history"><small>It's not very effective...</small><br></div><div class="battle-history"><small>(The opposing Yuoaman lost 48% of its health!)</small><br></div><div class="spacer battle-history"><br></div><h2 class="battle-history">Turn 14</h2><div class="spacer battle-history"><br></div><div class="battle-history"><small>The opposing Yuoaman's Baariettite is reacting to pikakip379's Mega Bracelet!</small><br>The opposing Yuoaman has Mega Evolved into Mega Baariette!<br></div><div class="spacer battle-history"><br></div><div class="battle-history">Navighast used <strong>Drain Punch</strong>!<br></div><div class="battle-history"><small>It's super effective!</small><br></div><div class="battle-history"><small>(The opposing Yuoaman lost 52% of its health!)</small><br></div><div class="battle-history"><small>The opposing Yuoaman had its energy drained!</small><br></div><div class="spacer battle-history"><br></div><div class="battle-history">The opposing Yuoaman fainted!<br></div><div class="spacer battle-history"><br></div><div class="battle-history">pikakip379 sent out Nimesis (<strong>Nimflora</strong>)!<br></div><div class="battle-history"><small>The opposing Nimesis was caught in a sticky web!</small><br></div><div class="battle-history"><small>The opposing Nimesis's Speed fell!</small><br></div><div class="spacer battle-history"><br></div><h2 class="battle-history">Turn 15</h2><div class="spacer battle-history"><br></div><div class="battle-history">Navighast used <strong>Shadow Sneak</strong>!<br></div><div class="battle-history"><small>(The opposing Nimesis lost 1% of its health!)</small><br></div><div class="spacer battle-history"><br></div><div class="battle-history">The opposing Nimesis fainted!<br></div><div class="chat chatmessage-pikakip379"><strong style="color:#3ca310"><small>☆</small><span class="username" data-name="pikakip379">pikakip379</span>:</strong> <em>gg im dea</em></div><div class="chat chatmessage-pikakip379"><strong style="color:#3ca310"><small>☆</small><span class="username" data-name="pikakip379">pikakip379</span>:</strong> <em>dead</em></div><div class="chat chatmessage-thinkingsceptile mine"><strong style="color:#2ba86c"><small>☆</small><span class="username" data-name="ThinkingSceptile">ThinkingSceptile</span>:</strong> <em>ye</em></div><div class="spacer battle-history"><br></div><div class="battle-history"><small>pikakip379 forfeited.</small><br></div><div class="spacer battle-history"><br></div><div class="battle-history"><strong>ThinkingSceptile</strong> won the battle!<br></div><div class="chat"><small>☆pikakip379 left</small></div></div><div class="inner-preempt message-log"></div></div></div>
</div>
<script>
let daily = Math.floor(Date.now()/1000/60/60/24);document.write('<script src="https://cdn.jsdelivr.net/gh/eriedaberrie/pokemon-showdown-client@master/js/replay-embed.template.js?version'+daily+'" onerror="let defaultscript = document.createElement(\'script\'); defaultscript.src = \'https://play.pokemonshowdown.com/js/replay-embed.template.js?version\'+daily; defaultscript.onload = function () {alert(\'Custom Uranium script failed to load, defaulted to regular showdown graphics.\');}; document.head.appendChild(defaultscript);"></'+'script>');
</script>
