<!DOCTYPE html>
<meta charset="utf-8" />
<!-- version 1 -->
<title>[Gen 6] Gamma replay: Andyv2.0 vs. DanielG234</title>
<style>
html,body {font-family:Verdana, sans-serif;font-size:10pt;margin:0;padding:0;}body{padding:12px 0;} .battle-log {font-family:Verdana, sans-serif;font-size:10pt;} .battle-log-inline {border:1px solid #AAAAAA;background:#EEF2F5;color:black;max-width:640px;margin:0 auto 80px;padding-bottom:5px;} .battle-log .inner {padding:4px 8px 0px 8px;} .battle-log .inner-preempt {padding:0 8px 4px 8px;} .battle-log .inner-after {margin-top:0.5em;} .battle-log h2 {margin:0.5em -8px;padding:4px 8px;border:1px solid #AAAAAA;background:#E0E7EA;border-left:0;border-right:0;font-family:Verdana, sans-serif;font-size:13pt;} .battle-log .chat {vertical-align:middle;padding:3px 0 3px 0;font-size:8pt;} .battle-log .chat strong {color:#40576A;} .battle-log .chat em {padding:1px 4px 1px 3px;color:#000000;font-style:normal;} .chat.mine {background:rgba(0,0,0,0.05);margin-left:-8px;margin-right:-8px;padding-left:8px;padding-right:8px;} .spoiler {color:#BBBBBB;background:#BBBBBB;padding:0px 3px;} .spoiler:hover, .spoiler:active, .spoiler-shown {color:#000000;background:#E2E2E2;padding:0px 3px;} .spoiler a {color:#BBBBBB;} .spoiler:hover a, .spoiler:active a, .spoiler-shown a {color:#2288CC;} .chat code, .chat .spoiler:hover code, .chat .spoiler:active code, .chat .spoiler-shown code {border:1px solid #C0C0C0;background:#EEEEEE;color:black;padding:0 2px;} .chat .spoiler code {border:1px solid #CCCCCC;background:#CCCCCC;color:#CCCCCC;} .battle-log .rated {padding:3px 4px;} .battle-log .rated strong {color:white;background:#89A;padding:1px 4px;border-radius:4px;} .spacer {margin-top:0.5em;} .message-announce {background:#6688AA;color:white;padding:1px 4px 2px;} .message-announce a, .broadcast-green a, .broadcast-blue a, .broadcast-red a {color:#DDEEFF;} .broadcast-green {background-color:#559955;color:white;padding:2px 4px;} .broadcast-blue {background-color:#6688AA;color:white;padding:2px 4px;} .infobox {border:1px solid #6688AA;padding:2px 4px;} .infobox-limited {max-height:200px;overflow:auto;overflow-x:hidden;} .broadcast-red {background-color:#AA5544;color:white;padding:2px 4px;} .message-learn-canlearn {font-weight:bold;color:#228822;text-decoration:underline;} .message-learn-cannotlearn {font-weight:bold;color:#CC2222;text-decoration:underline;} .message-effect-weak {font-weight:bold;color:#CC2222;} .message-effect-resist {font-weight:bold;color:#6688AA;} .message-effect-immune {font-weight:bold;color:#666666;} .message-learn-list {margin-top:0;margin-bottom:0;} .message-throttle-notice, .message-error {color:#992222;} .message-overflow, .chat small.message-overflow {font-size:0pt;} .message-overflow::before {font-size:9pt;content:'...';} .subtle {color:#3A4A66;}
</style>
<div class="wrapper replay-wrapper" style="max-width:1180px;margin:0 auto">
<input type="hidden" name="replayid" value="unregisteredserver-gen6gamma-160" />
<div class="battle"></div><div class="battle-log"></div><div class="replay-controls"></div><div class="replay-controls-2"></div>
<h1 style="font-weight:normal;text-align:center"><strong>[Gen 6] Gamma</strong><br /><a href="http://pokemonshowdown.com/users/andyv20" class="subtle" target="_blank">Andyv2.0</a> vs. <a href="http://pokemonshowdown.com/users/danielg234" class="subtle" target="_blank">DanielG234</a></h1>
<script type="text/plain" class="battle-log-data">|j|☆Andyv2.0

|j|☆DanielG234
|t:|1642983097
|gametype|singles
|player|p1|Andyv2.0|102|
|player|p2|DanielG234|vitor|
|teamsize|p1|6
|teamsize|p2|6
|gen|6
|tier|[Gen 6] Gamma
|rule|Sleep Clause Mod: Limit one foe put to sleep
|rule|Species Clause: Limit one of each Pokémon
|rule|OHKO Clause: OHKO moves are banned
|rule|Moody Clause: Moody is banned
|rule|Evasion Moves Clause: Evasion moves are banned
|rule|Endless Battle Clause: Forcing endless battles is banned
|rule|HP Percentage Mod: HP is shown in percentages
|rule|Nuclear Clause Mod: Non-Nuclear Pokémon can't use Nuclear-type moves
|rule|Soft Baton Pass Mod: Baton Pass doesn't pass positive stat boosts
|clearpoke
|poke|p1|Escartress, F|item
|poke|p1|Archilles, M|item
|poke|p1|Actan|item
|poke|p1|Luxelong, M|item
|poke|p1|Navighast, F|item
|poke|p1|Gellin|item
|poke|p2|Kiricorn, M|item
|poke|p2|Yatagaryu, F|item
|poke|p2|Beliaddon, M|item
|poke|p2|S51-A|item
|poke|p2|Gliscor, F|item
|poke|p2|Seikamater, F|item
|teampreview
|c|☆Andyv2.0|Wow, this looks sick.
|c|☆DanielG234|it be gaming
|inactive|Battle timer is ON: inactive players will automatically lose when time's up. (requested by DanielG234)
|inactive|Time left: 300 sec this turn | 300 sec total | 60 sec grace
|
|t:|1642983153
|start
|switch|p1a: Actan|Actan|395\/395
|switch|p2a: Gliscor|Gliscor, F|100\/100
|-ability|p1a: Actan|Intimidate|boost
|-unboost|p2a: Gliscor|atk|1
|turn|1
|inactive|Time left: 300 sec this turn | 300 sec total
|
|t:|1642983178
|move|p1a: Actan|Stealth Rock|p2a: Gliscor
|-sidestart|p2: DanielG234|move: Stealth Rock
|move|p2a: Gliscor|Earthquake|p1a: Actan
|-supereffective|p1a: Actan
|-damage|p1a: Actan|245\/395
|
|-heal|p1a: Actan|269\/395|[from] item: Leftovers
|-status|p2a: Gliscor|tox|[from] item: Toxic Orb
|upkeep
|turn|2
|inactive|Time left: 290 sec this turn | 290 sec total
|inactive|Andyv2.0 has 270 seconds left.
|
|t:|1642983199
|switch|p1a: Escartress|Escartress, F|381\/381
|move|p2a: Gliscor|Earthquake|p1a: Escartress
|-damage|p1a: Escartress|305\/381
|
|upkeep
|turn|3
|inactive|Time left: 280 sec this turn | 280 sec total
|inactive|Andyv2.0 has 270 seconds left.
|
|t:|1642983233
|switch|p2a: S51-A|S51-A|100\/100
|-damage|p2a: S51-A|94\/100|[from] Stealth Rock
|move|p1a: Escartress|Hydro Pump|p2a: S51-A
|-damage|p2a: S51-A|51\/100
|-damage|p1a: Escartress|267\/381|[from] item: Life Orb
|
|-heal|p2a: S51-A|57\/100|[from] item: Leftovers
|upkeep
|turn|4
|inactive|Time left: 260 sec this turn | 260 sec total
|inactive|Andyv2.0 has 240 seconds left.
|
|t:|1642983258
|switch|p1a: Archilles|Archilles, M|291\/291
|move|p2a: S51-A|Recover|p2a: S51-A
|-heal|p2a: S51-A|100\/100
|
|upkeep
|turn|5
|inactive|Time left: 245 sec this turn | 245 sec total
|inactive|Andyv2.0 has 240 seconds left.
|inactive|DanielG234 has 270 seconds left.
|
|t:|1642983302
|detailschange|p1a: Archilles|Archilles-Mega, M
|-mega|p1a: Archilles|Archilles|Archillesite
|-weather|SunnyDay|[from] ability: Drought|[of] p1a: Archilles
|move|p1a: Archilles|Flamethrower|p2a: S51-A
|-supereffective|p2a: S51-A
|-damage|p2a: S51-A|2\/100
|move|p2a: S51-A|U-turn|p1a: Archilles
|-resisted|p1a: Archilles
|-damage|p1a: Archilles|274\/291
|inactive|Time left: 220 sec this turn | 220 sec total
|
|t:|1642983308
|switch|p2a: Gliscor|Gliscor, F|100\/100 tox|[from]move: U-turn
|-damage|p2a: Gliscor|88\/100 tox|[from] Stealth Rock
|
|-weather|SunnyDay|[upkeep]
|-heal|p2a: Gliscor|100\/100 tox|[from] ability: Poison Heal
|upkeep
|turn|6
|inactive|Time left: 230 sec this turn | 230 sec total
|inactive|DanielG234 has 270 seconds left.
|inactive|Andyv2.0 has 210 seconds left.
|
|t:|1642983338
|switch|p1a: Navighast|Navighast, F|301\/301
|switch|p2a: S51-A|S51-A|2\/100
|-damage|p2a: S51-A|0 fnt|[from] Stealth Rock
|faint|p2a: S51-A
|
|-weather|SunnyDay|[upkeep]
|upkeep
|inactive|Time left: 205 sec this turn | 205 sec total
|
|t:|1642983343
|switch|p2a: Kiricorn|Kiricorn, M|100\/100
|-damage|p2a: Kiricorn|88\/100|[from] Stealth Rock
|turn|7
|inactive|Time left: 215 sec this turn | 215 sec total
|inactive|Andyv2.0 has 210 seconds left.
|inactive|DanielG234 has 270 seconds left.
|inactive|Andyv2.0 has 180 seconds left.
|
|t:|1642983389
|switch|p1a: Archilles|Archilles-Mega, M|274\/291
|detailschange|p2a: Kiricorn|Kiricorn-Mega, M
|-mega|p2a: Kiricorn|Kiricorn|Kiricornite
|move|p2a: Kiricorn|Play Rough|p1a: Archilles
|-resisted|p1a: Archilles
|-crit|p1a: Archilles
|-damage|p1a: Archilles|157\/291
|
|-weather|SunnyDay|[upkeep]
|upkeep
|turn|8
|inactive|Time left: 180 sec this turn | 180 sec total
|inactive|DanielG234 has 270 seconds left.
|
|t:|1642983407
|switch|p2a: Beliaddon|Beliaddon, M|100\/100
|-damage|p2a: Beliaddon|76\/100|[from] Stealth Rock
|-ability|p2a: Beliaddon|Intimidate|boost
|-unboost|p1a: Archilles|atk|1
|move|p1a: Archilles|Flamethrower|p2a: Beliaddon
|-resisted|p2a: Beliaddon
|-damage|p2a: Beliaddon|54\/100
|
|-weather|SunnyDay|[upkeep]
|upkeep
|turn|9
|inactive|Time left: 175 sec this turn | 175 sec total
|inactive|DanielG234 has 270 seconds left.
|inactive|Andyv2.0 has 150 seconds left.
|
|t:|1642983441
|switch|p1a: Navighast|Navighast, F|301\/301
|move|p2a: Beliaddon|Earthquake|p1a: Navighast
|-immune|p1a: Navighast|[from] ability: Levitate
|
|-weather|none
|upkeep
|turn|10
|inactive|Time left: 155 sec this turn | 155 sec total
|inactive|Andyv2.0 has 150 seconds left.
|inactive|DanielG234 has 270 seconds left.
|inactive|Andyv2.0 has 120 seconds left.
|
|t:|1642983483
|switch|p1a: Escartress|Escartress, F|267\/381
|switch|p2a: Yatagaryu|Yatagaryu, F|100\/100
|-damage|p2a: Yatagaryu|88\/100|[from] Stealth Rock
|-weather|Thunderstorm|[from] ability: Stormbringer|[of] p2a: Yatagaryu
|
|-weather|Thunderstorm|[upkeep]
|upkeep
|turn|11
|inactive|Time left: 125 sec this turn | 125 sec total
|inactive|Andyv2.0 has 120 seconds left.
|
|t:|1642983503
|move|p2a: Yatagaryu|Hidden Power|p1a: Escartress
|-supereffective|p1a: Escartress
|-damage|p1a: Escartress|0 fnt
|faint|p1a: Escartress
|
|-weather|Thunderstorm|[upkeep]
|upkeep
|inactive|Time left: 115 sec this turn | 115 sec total
|
|t:|1642983525
|switch|p1a: Archilles|Archilles-Mega, M|157\/291
|-weather|SunnyDay|[from] ability: Drought|[of] p1a: Archilles
|turn|12
|inactive|Time left: 105 sec this turn | 105 sec total
|inactive|DanielG234 has 270 seconds left.
|inactive|Andyv2.0 has 90 seconds left.
|
|t:|1642983553
|switch|p2a: Gliscor|Gliscor, F|100\/100 tox
|-damage|p2a: Gliscor|88\/100 tox|[from] Stealth Rock
|move|p1a: Archilles|Flamethrower|p2a: Gliscor
|-damage|p2a: Gliscor|22\/100 tox
|
|-weather|SunnyDay|[upkeep]
|-heal|p2a: Gliscor|34\/100 tox|[from] ability: Poison Heal
|upkeep
|turn|13
|inactive|Time left: 90 sec this turn | 90 sec total
|inactive|DanielG234 has 270 seconds left.
|
|t:|1642983576
|switch|p2a: Yatagaryu|Yatagaryu, F|88\/100
|-damage|p2a: Yatagaryu|76\/100|[from] Stealth Rock
|-weather|Thunderstorm|[from] ability: Stormbringer|[of] p2a: Yatagaryu
|move|p1a: Archilles|Flamethrower|p2a: Yatagaryu
|-resisted|p2a: Yatagaryu
|-damage|p2a: Yatagaryu|46\/100
|-status|p2a: Yatagaryu|brn
|
|-weather|Thunderstorm|[upkeep]
|-damage|p2a: Yatagaryu|34\/100 brn|[from] brn
|upkeep
|turn|14
|inactive|Time left: 80 sec this turn | 80 sec total
|inactive|Andyv2.0 has 60 seconds left.
|
|t:|1642983604
|move|p1a: Archilles|Earth Power|p2a: Yatagaryu
|-supereffective|p2a: Yatagaryu
|-damage|p2a: Yatagaryu|0 fnt
|faint|p2a: Yatagaryu
|
|-weather|Thunderstorm|[upkeep]
|upkeep
|inactive|Time left: 60 sec this turn | 60 sec total
|
|t:|1642983610
|switch|p2a: Kiricorn|Kiricorn-Mega, M|88\/100
|-damage|p2a: Kiricorn|76\/100|[from] Stealth Rock
|turn|15
|inactive|Time left: 70 sec this turn | 70 sec total
|inactive|Andyv2.0 has 60 seconds left.
|
|t:|1642983621
|switch|p1a: Actan|Actan|269\/395
|-ability|p1a: Actan|Intimidate|boost
|-unboost|p2a: Kiricorn|atk|1
|move|p2a: Kiricorn|Earthquake|p1a: Actan
|-supereffective|p1a: Actan
|-damage|p1a: Actan|101\/395
|
|-weather|Thunderstorm|[upkeep]
|-damage|p2a: Kiricorn|63\/100|[from] Thunderstorm
|-damage|p1a: Actan|52\/395|[from] Thunderstorm
|-heal|p1a: Actan|76\/395|[from] item: Leftovers
|upkeep
|turn|16
|inactive|Time left: 70 sec this turn | 70 sec total
|inactive|Andyv2.0 has 60 seconds left.
|
|t:|1642983643
|move|p2a: Kiricorn|Earthquake|p1a: Actan
|-supereffective|p1a: Actan
|-damage|p1a: Actan|0 fnt
|faint|p1a: Actan
|
|-weather|Thunderstorm|[upkeep]
|upkeep
|inactive|Time left: 55 sec this turn | 55 sec total
|
|t:|1642983657
|switch|p1a: Archilles|Archilles-Mega, M|157\/291
|-weather|SunnyDay|[from] ability: Drought|[of] p1a: Archilles
|turn|17
|inactive|Time left: 55 sec this turn | 55 sec total
|
|t:|1642983677
|move|p1a: Archilles|Earth Power|p2a: Kiricorn
|-damage|p2a: Kiricorn|0 fnt
|faint|p2a: Kiricorn
|
|-weather|SunnyDay|[upkeep]
|upkeep
|inactive|Time left: 40 sec this turn | 40 sec total
|
|t:|1642983681
|switch|p2a: Beliaddon|Beliaddon, M|54\/100
|-damage|p2a: Beliaddon|29\/100|[from] Stealth Rock
|-ability|p2a: Beliaddon|Intimidate|boost
|-unboost|p1a: Archilles|atk|1
|turn|18
|inactive|Time left: 50 sec this turn | 50 sec total
|
|t:|1642983691
|move|p1a: Archilles|Earth Power|p2a: Beliaddon
|-supereffective|p2a: Beliaddon
|-crit|p2a: Beliaddon
|-damage|p2a: Beliaddon|0 fnt
|faint|p2a: Beliaddon
|
|-weather|SunnyDay|[upkeep]
|upkeep
|inactive|Time left: 45 sec this turn | 45 sec total
|
|t:|1642983697
|switch|p2a: Seikamater|Seikamater, F|100\/100
|-damage|p2a: Seikamater|76\/100|[from] Stealth Rock
|turn|19
|inactive|Time left: 55 sec this turn | 55 sec total
|
|t:|1642983704
|move|p1a: Archilles|Flamethrower|p2a: Seikamater
|-supereffective|p2a: Seikamater
|-damage|p2a: Seikamater|0 fnt
|faint|p2a: Seikamater
|
|-weather|SunnyDay|[upkeep]
|upkeep
|inactive|Time left: 55 sec this turn | 55 sec total
|
|t:|1642983707
|switch|p2a: Gliscor|Gliscor, F|34\/100 tox
|-damage|p2a: Gliscor|22\/100 tox|[from] Stealth Rock
|turn|20
|inactive|Time left: 65 sec this turn | 65 sec total
|inactive|Andyv2.0 has 60 seconds left.
|
|t:|1642983715
|move|p1a: Archilles|Flamethrower|p2a: Gliscor
|-damage|p2a: Gliscor|0 fnt
|faint|p2a: Gliscor
|
|win|Andyv2.0
|inactive|Time left: 65 sec this turn | 65 sec total
|c|☆Andyv2.0|gg
|c|☆DanielG234|gg
|l|☆DanielG234
|c|☆Andyv2.0|Mega Archilles is just hard to switch into.</script>
</div>
<div class="battle-log battle-log-inline"><div class="inner"><div class="battle-options"><div style="padding-top: 3px; padding-right: 3px; text-align: right"><button class="icon button" name="openBattleOptions" title="Options">Battle Options</button></div></div><div class="inner message-log"><div class="chat"><small>☆Andyv2.0 and ☆DanielG234 joined</small></div><div class=""><small>Format:</small> <br><strong>[Gen 6] Gamma</strong></div><div class=""><small><em>Sleep Clause Mod:</em> Limit one foe put to sleep</small></div><div class=""><small><em>Species Clause:</em> Limit one of each Pokémon</small></div><div class=""><small><em>OHKO Clause:</em> OHKO moves are banned</small></div><div class=""><small><em>Moody Clause:</em> Moody is banned</small></div><div class=""><small><em>Evasion Moves Clause:</em> Evasion moves are banned</small></div><div class=""><small><em>Endless Battle Clause:</em> Forcing endless battles is banned</small></div><div class=""><small><em>HP Percentage Mod:</em> HP is shown in percentages</small></div><div class=""><small><em>Nuclear Clause Mod:</em> Non-Nuclear Pokémon can't use Nuclear-type moves</small></div><div class=""><small><em>Soft Baton Pass Mod:</em> Baton Pass doesn't pass positive stat boosts</small></div><div class="chat battle-history"><strong>Andyv2.0's team:</strong> <em style="color:#445566;display:block;">Escartress / Archilles / Actan / Luxelong / Navighast / Gellin</em></div><div class="chat battle-history"><strong>DanielG234's team:</strong> <em style="color:#445566;display:block;">Kiricorn / Yatagaryu / Beliaddon / S51-A / Gliscor / Seikamater</em></div><div class="chat chatmessage-andyv20 mine"><strong style="color:#c66e2f"><small>☆</small><span class="username" data-name="Andyv2.0">Andyv2.0</span>:</strong> <em>Wow, this looks sick.</em></div><div class="chat chatmessage-danielg234"><strong style="color:#3d9444"><small>☆</small><span class="username" data-name="DanielG234">DanielG234</span>:</strong> <em>it be gaming</em></div><div class="chat message-error">Battle timer is ON: inactive players will automatically lose when time's up. (requested by DanielG234)</div><div class="spacer battle-history"><br></div><div class="battle-history">Battle started between Andyv2.0 and DanielG234!<br></div><div class="spacer battle-history"><br></div><div class="battle-history">Go! <strong>Actan</strong>!<br></div><div class="spacer battle-history"><br></div><div class="battle-history">DanielG234 sent out <strong>Gliscor</strong>!<br></div><div class="battle-history">[Actan's Intimidate]<br></div><div class="battle-history"><small>The opposing Gliscor's Attack fell!</small><br></div><div class="spacer battle-history"><br></div><h2 class="battle-history">Turn 1</h2><div class="spacer battle-history"><br></div><div class="battle-history">Actan used <strong>Stealth Rock</strong>!<br></div><div class="battle-history"><small>Pointed stones float in the air around the opposing team!</small><br></div><div class="spacer battle-history"><br></div><div class="battle-history">The opposing Gliscor used <strong>Earthquake</strong>!<br></div><div class="battle-history"><small>It's super effective!</small><br></div><div class="battle-history"><small>(Actan lost <abbr title="−150/395">38.0%</abbr> of its health!)</small><br></div><div class="spacer battle-history"><br></div><div class="battle-history"><small>Actan restored a little HP using its Leftovers!</small><br></div><div class="battle-history"><small>The opposing Gliscor was badly poisoned!</small><br></div><div class="spacer battle-history"><br></div><h2 class="battle-history">Turn 2</h2><div class="chat message-error">Andyv2.0 has 270 seconds left.</div><div class="spacer battle-history"><br></div><div class="battle-history">Actan, come back!<br></div><div class="battle-history">Go! <strong>Escartress</strong>!<br></div><div class="spacer battle-history"><br></div><div class="battle-history">The opposing Gliscor used <strong>Earthquake</strong>!<br></div><div class="battle-history"><small>(Escartress lost <abbr title="−76/381">19.9%</abbr> of its health!)</small><br></div><div class="spacer battle-history"><br></div><h2 class="battle-history">Turn 3</h2><div class="chat message-error">Andyv2.0 has 270 seconds left.</div><div class="spacer battle-history"><br></div><div class="battle-history">DanielG234 withdrew Gliscor!<br></div><div class="battle-history">DanielG234 sent out <strong>S51-A</strong>!<br></div><div class="battle-history"><small>Pointed stones dug into the opposing S51-A!</small><br></div><div class="spacer battle-history"><br></div><div class="battle-history">Escartress used <strong>Hydro Pump</strong>!<br></div><div class="battle-history"><small>(The opposing S51-A lost 43% of its health!)</small><br></div><div class="battle-history"><small>Escartress lost some of its HP!</small><br></div><div class="spacer battle-history"><br></div><div class="battle-history"><small>The opposing S51-A restored a little HP using its Leftovers!</small><br></div><div class="spacer battle-history"><br></div><h2 class="battle-history">Turn 4</h2><div class="chat message-error">Andyv2.0 has 240 seconds left.</div><div class="spacer battle-history"><br></div><div class="battle-history">Escartress, come back!<br></div><div class="battle-history">Go! <strong>Archilles</strong>!<br></div><div class="spacer battle-history"><br></div><div class="battle-history">The opposing S51-A used <strong>Recover</strong>!<br></div><div class="battle-history"><small>The opposing S51-A had its HP restored.</small><br></div><div class="spacer battle-history"><br></div><h2 class="battle-history">Turn 5</h2><div class="chat message-error">Andyv2.0 has 240 seconds left.</div><div class="chat message-error">DanielG234 has 270 seconds left.</div><div class="spacer battle-history"><br></div><div class="battle-history"><small>Archilles's Archillesite is reacting to Andyv2.0's Mega Bracelet!</small><br>Archilles has Mega Evolved into Mega Archilles!<br></div><div class="battle-history">[Archilles's Drought]<br><small>The sunlight turned harsh!</small><br></div><div class="spacer battle-history"><br></div><div class="battle-history">Archilles used <strong>Flamethrower</strong>!<br></div><div class="battle-history"><small>It's super effective!</small><br></div><div class="battle-history"><small>(The opposing S51-A lost 98% of its health!)</small><br></div><div class="spacer battle-history"><br></div><div class="battle-history">The opposing S51-A used <strong>U-turn</strong>!<br></div><div class="battle-history"><small>It's not very effective...</small><br></div><div class="battle-history"><small>(Archilles lost <abbr title="−17/291">5.8%</abbr> of its health!)</small><br></div><div class="spacer battle-history"><br></div><div class="battle-history">The opposing S51-A went back to DanielG234!<br></div><div class="battle-history">DanielG234 sent out <strong>Gliscor</strong>!<br></div><div class="battle-history"><small>Pointed stones dug into the opposing Gliscor!</small><br></div><div class="spacer battle-history"><br></div><div class="battle-history"><small>(The sunlight is strong.)</small><br></div><div class="battle-history">[The opposing Gliscor's Poison Heal]<br><small>The opposing Gliscor had its HP restored.</small><br></div><div class="spacer battle-history"><br></div><h2 class="battle-history">Turn 6</h2><div class="chat message-error">DanielG234 has 270 seconds left.</div><div class="chat message-error">Andyv2.0 has 210 seconds left.</div><div class="spacer battle-history"><br></div><div class="battle-history">Archilles, come back!<br></div><div class="battle-history">Go! <strong>Navighast</strong>!<br></div><div class="spacer battle-history"><br></div><div class="battle-history">DanielG234 withdrew Gliscor!<br></div><div class="battle-history">DanielG234 sent out <strong>S51-A</strong>!<br></div><div class="battle-history"><small>Pointed stones dug into the opposing S51-A!</small><br></div><div class="spacer battle-history"><br></div><div class="battle-history">The opposing S51-A fainted!<br></div><div class="spacer battle-history"><br></div><div class="battle-history"><small>(The sunlight is strong.)</small><br></div><div class="spacer battle-history"><br></div><div class="battle-history">DanielG234 sent out <strong>Kiricorn</strong>!<br></div><div class="battle-history"><small>Pointed stones dug into the opposing Kiricorn!</small><br></div><div class="spacer battle-history"><br></div><h2 class="battle-history">Turn 7</h2><div class="chat message-error">Andyv2.0 has 210 seconds left.</div><div class="chat message-error">DanielG234 has 270 seconds left.</div><div class="chat message-error">Andyv2.0 has 180 seconds left.</div><div class="spacer battle-history"><br></div><div class="battle-history">Navighast, come back!<br></div><div class="battle-history">Go! Archilles (<strong>Archilles-Mega</strong>)!<br></div><div class="spacer battle-history"><br></div><div class="battle-history"><small>The opposing Kiricorn's Kiricornite is reacting to DanielG234's Mega Bracelet!</small><br>The opposing Kiricorn has Mega Evolved into Mega Kiricorn!<br></div><div class="spacer battle-history"><br></div><div class="battle-history">The opposing Kiricorn used <strong>Play Rough</strong>!<br></div><div class="battle-history"><small>It's not very effective...</small><br></div><div class="battle-history"><small>A critical hit!</small><br></div><div class="battle-history"><small>(Archilles lost <abbr title="−117/291">40.2%</abbr> of its health!)</small><br></div><div class="spacer battle-history"><br></div><div class="battle-history"><small>(The sunlight is strong.)</small><br></div><div class="spacer battle-history"><br></div><h2 class="battle-history">Turn 8</h2><div class="chat message-error">DanielG234 has 270 seconds left.</div><div class="spacer battle-history"><br></div><div class="battle-history">DanielG234 withdrew Kiricorn!<br></div><div class="battle-history">DanielG234 sent out <strong>Beliaddon</strong>!<br></div><div class="battle-history"><small>Pointed stones dug into the opposing Beliaddon!</small><br></div><div class="battle-history">[The opposing Beliaddon's Intimidate]<br></div><div class="battle-history"><small>Archilles's Attack fell!</small><br></div><div class="spacer battle-history"><br></div><div class="battle-history">Archilles used <strong>Flamethrower</strong>!<br></div><div class="battle-history"><small>It's not very effective...</small><br></div><div class="battle-history"><small>(The opposing Beliaddon lost 22% of its health!)</small><br></div><div class="spacer battle-history"><br></div><div class="battle-history"><small>(The sunlight is strong.)</small><br></div><div class="spacer battle-history"><br></div><h2 class="battle-history">Turn 9</h2><div class="chat message-error">DanielG234 has 270 seconds left.</div><div class="chat message-error">Andyv2.0 has 150 seconds left.</div><div class="spacer battle-history"><br></div><div class="battle-history">Archilles, come back!<br></div><div class="battle-history">Go! <strong>Navighast</strong>!<br></div><div class="spacer battle-history"><br></div><div class="battle-history">The opposing Beliaddon used <strong>Earthquake</strong>!<br></div><div class="battle-history">[Navighast's Levitate]<br><small>It doesn't affect Navighast...</small><br></div><div class="spacer battle-history"><br></div><div class="battle-history"><small>The harsh sunlight faded.</small><br></div><div class="spacer battle-history"><br></div><h2 class="battle-history">Turn 10</h2><div class="chat message-error">Andyv2.0 has 150 seconds left.</div><div class="chat message-error">DanielG234 has 270 seconds left.</div><div class="chat message-error">Andyv2.0 has 120 seconds left.</div><div class="spacer battle-history"><br></div><div class="battle-history">Navighast, come back!<br></div><div class="battle-history">Go! <strong>Escartress</strong>!<br></div><div class="spacer battle-history"><br></div><div class="battle-history">DanielG234 withdrew Beliaddon!<br></div><div class="battle-history">DanielG234 sent out <strong>Yatagaryu</strong>!<br></div><div class="battle-history"><small>Pointed stones dug into the opposing Yatagaryu!</small><br></div><div class="battle-history">[The opposing Yatagaryu's Stormbringer]<br><small>A thunderstorm started!</small><br></div><div class="spacer battle-history"><br></div><div class="battle-history"><small>(The thunderstorm is raging.)</small><br></div><div class="spacer battle-history"><br></div><h2 class="battle-history">Turn 11</h2><div class="chat message-error">Andyv2.0 has 120 seconds left.</div><div class="spacer battle-history"><br></div><div class="battle-history">The opposing Yatagaryu used <strong>Hidden Power</strong>!<br></div><div class="battle-history"><small>It's super effective!</small><br></div><div class="battle-history"><small>(Escartress lost <abbr title="−267/381">70.1%</abbr> of its health!)</small><br></div><div class="spacer battle-history"><br></div><div class="battle-history">Escartress fainted!<br></div><div class="spacer battle-history"><br></div><div class="battle-history"><small>(The thunderstorm is raging.)</small><br></div><div class="spacer battle-history"><br></div><div class="battle-history">Go! Archilles (<strong>Archilles-Mega</strong>)!<br></div><div class="battle-history">[Archilles's Drought]<br><small>The sunlight turned harsh!</small><br></div><div class="spacer battle-history"><br></div><h2 class="battle-history">Turn 12</h2><div class="chat message-error">DanielG234 has 270 seconds left.</div><div class="chat message-error">Andyv2.0 has 90 seconds left.</div><div class="spacer battle-history"><br></div><div class="battle-history">DanielG234 withdrew Yatagaryu!<br></div><div class="battle-history">DanielG234 sent out <strong>Gliscor</strong>!<br></div><div class="battle-history"><small>Pointed stones dug into the opposing Gliscor!</small><br></div><div class="spacer battle-history"><br></div><div class="battle-history">Archilles used <strong>Flamethrower</strong>!<br></div><div class="battle-history"><small>(The opposing Gliscor lost 66% of its health!)</small><br></div><div class="spacer battle-history"><br></div><div class="battle-history"><small>(The sunlight is strong.)</small><br></div><div class="battle-history">[The opposing Gliscor's Poison Heal]<br><small>The opposing Gliscor had its HP restored.</small><br></div><div class="spacer battle-history"><br></div><h2 class="battle-history">Turn 13</h2><div class="chat message-error">DanielG234 has 270 seconds left.</div><div class="spacer battle-history"><br></div><div class="battle-history">DanielG234 withdrew Gliscor!<br></div><div class="battle-history">DanielG234 sent out <strong>Yatagaryu</strong>!<br></div><div class="battle-history"><small>Pointed stones dug into the opposing Yatagaryu!</small><br></div><div class="battle-history">[The opposing Yatagaryu's Stormbringer]<br><small>A thunderstorm started!</small><br></div><div class="spacer battle-history"><br></div><div class="battle-history">Archilles used <strong>Flamethrower</strong>!<br></div><div class="battle-history"><small>It's not very effective...</small><br></div><div class="battle-history"><small>(The opposing Yatagaryu lost 30% of its health!)</small><br></div><div class="battle-history"><small>The opposing Yatagaryu was burned!</small><br></div><div class="spacer battle-history"><br></div><div class="battle-history"><small>(The thunderstorm is raging.)</small><br></div><div class="battle-history"><small>The opposing Yatagaryu was hurt by its burn!</small><br></div><div class="spacer battle-history"><br></div><h2 class="battle-history">Turn 14</h2><div class="chat message-error">Andyv2.0 has 60 seconds left.</div><div class="spacer battle-history"><br></div><div class="battle-history">Archilles used <strong>Earth Power</strong>!<br></div><div class="battle-history"><small>It's super effective!</small><br></div><div class="battle-history"><small>(The opposing Yatagaryu lost 34% of its health!)</small><br></div><div class="spacer battle-history"><br></div><div class="battle-history">The opposing Yatagaryu fainted!<br></div><div class="spacer battle-history"><br></div><div class="battle-history"><small>(The thunderstorm is raging.)</small><br></div><div class="spacer battle-history"><br></div><div class="battle-history">DanielG234 sent out Kiricorn (<strong>Kiricorn-Mega</strong>)!<br></div><div class="battle-history"><small>Pointed stones dug into the opposing Kiricorn!</small><br></div><div class="spacer battle-history"><br></div><h2 class="battle-history">Turn 15</h2><div class="chat message-error">Andyv2.0 has 60 seconds left.</div><div class="spacer battle-history"><br></div><div class="battle-history">Archilles, come back!<br></div><div class="battle-history">Go! <strong>Actan</strong>!<br></div><div class="battle-history">[Actan's Intimidate]<br></div><div class="battle-history"><small>The opposing Kiricorn's Attack fell!</small><br></div><div class="spacer battle-history"><br></div><div class="battle-history">The opposing Kiricorn used <strong>Earthquake</strong>!<br></div><div class="battle-history"><small>It's super effective!</small><br></div><div class="battle-history"><small>(Actan lost <abbr title="−168/395">42.5%</abbr> of its health!)</small><br></div><div class="spacer battle-history"><br></div><div class="battle-history"><small>(The thunderstorm is raging.)</small><br></div><div class="battle-history"><small>The opposing Kiricorn is hit by lightning!</small><br></div><div class="battle-history"><small>Actan is hit by lightning!</small><br></div><div class="battle-history"><small>Actan restored a little HP using its Leftovers!</small><br></div><div class="spacer battle-history"><br></div><h2 class="battle-history">Turn 16</h2><div class="chat message-error">Andyv2.0 has 60 seconds left.</div><div class="spacer battle-history"><br></div><div class="battle-history">The opposing Kiricorn used <strong>Earthquake</strong>!<br></div><div class="battle-history"><small>It's super effective!</small><br></div><div class="battle-history"><small>(Actan lost <abbr title="−76/395">19.2%</abbr> of its health!)</small><br></div><div class="spacer battle-history"><br></div><div class="battle-history">Actan fainted!<br></div><div class="spacer battle-history"><br></div><div class="battle-history"><small>(The thunderstorm is raging.)</small><br></div><div class="spacer battle-history"><br></div><div class="battle-history">Go! Archilles (<strong>Archilles-Mega</strong>)!<br></div><div class="battle-history">[Archilles's Drought]<br><small>The sunlight turned harsh!</small><br></div><div class="spacer battle-history"><br></div><h2 class="battle-history">Turn 17</h2><div class="spacer battle-history"><br></div><div class="battle-history">Archilles used <strong>Earth Power</strong>!<br></div><div class="battle-history"><small>(The opposing Kiricorn lost 63% of its health!)</small><br></div><div class="spacer battle-history"><br></div><div class="battle-history">The opposing Kiricorn fainted!<br></div><div class="spacer battle-history"><br></div><div class="battle-history"><small>(The sunlight is strong.)</small><br></div><div class="spacer battle-history"><br></div><div class="battle-history">DanielG234 sent out <strong>Beliaddon</strong>!<br></div><div class="battle-history"><small>Pointed stones dug into the opposing Beliaddon!</small><br></div><div class="battle-history">[The opposing Beliaddon's Intimidate]<br></div><div class="battle-history"><small>Archilles's Attack fell!</small><br></div><div class="spacer battle-history"><br></div><h2 class="battle-history">Turn 18</h2><div class="spacer battle-history"><br></div><div class="battle-history">Archilles used <strong>Earth Power</strong>!<br></div><div class="battle-history"><small>It's super effective!</small><br></div><div class="battle-history"><small>A critical hit!</small><br></div><div class="battle-history"><small>(The opposing Beliaddon lost 29% of its health!)</small><br></div><div class="spacer battle-history"><br></div><div class="battle-history">The opposing Beliaddon fainted!<br></div><div class="spacer battle-history"><br></div><div class="battle-history"><small>(The sunlight is strong.)</small><br></div><div class="spacer battle-history"><br></div><div class="battle-history">DanielG234 sent out <strong>Seikamater</strong>!<br></div><div class="battle-history"><small>Pointed stones dug into the opposing Seikamater!</small><br></div><div class="spacer battle-history"><br></div><h2 class="battle-history">Turn 19</h2><div class="spacer battle-history"><br></div><div class="battle-history">Archilles used <strong>Flamethrower</strong>!<br></div><div class="battle-history"><small>It's super effective!</small><br></div><div class="battle-history"><small>(The opposing Seikamater lost 76% of its health!)</small><br></div><div class="spacer battle-history"><br></div><div class="battle-history">The opposing Seikamater fainted!<br></div><div class="spacer battle-history"><br></div><div class="battle-history"><small>(The sunlight is strong.)</small><br></div><div class="spacer battle-history"><br></div><div class="battle-history">DanielG234 sent out <strong>Gliscor</strong>!<br></div><div class="battle-history"><small>Pointed stones dug into the opposing Gliscor!</small><br></div><div class="spacer battle-history"><br></div><h2 class="battle-history">Turn 20</h2><div class="chat message-error">Andyv2.0 has 60 seconds left.</div><div class="spacer battle-history"><br></div><div class="battle-history">Archilles used <strong>Flamethrower</strong>!<br></div><div class="battle-history"><small>(The opposing Gliscor lost 22% of its health!)</small><br></div><div class="spacer battle-history"><br></div><div class="battle-history">The opposing Gliscor fainted!<br></div><div class="spacer battle-history"><br></div><div class="battle-history"><strong>Andyv2.0</strong> won the battle!<br></div><div class="chat chatmessage-andyv20 mine"><strong style="color:#c66e2f"><small>☆</small><span class="username" data-name="Andyv2.0">Andyv2.0</span>:</strong> <em>gg</em></div><div class="chat chatmessage-danielg234"><strong style="color:#3d9444"><small>☆</small><span class="username" data-name="DanielG234">DanielG234</span>:</strong> <em>gg</em></div><div class="chat"><small>☆DanielG234 left</small></div><div class="chat chatmessage-andyv20 mine"><strong style="color:#c66e2f"><small>☆</small><span class="username" data-name="Andyv2.0">Andyv2.0</span>:</strong> <em>Mega Archilles is just hard to switch into.</em></div></div><div class="inner-preempt message-log"></div></div></div>
</div>
<script>
let daily = Math.floor(Date.now()/1000/60/60/24);document.write('<script src="https://cdn.jsdelivr.net/gh/eriedaberrie/pokemon-showdown-client@master/js/replay-embed.template.js?version'+daily+'" onerror="let defaultscript = document.createElement(\'script\'); defaultscript.src = \'https://play.pokemonshowdown.com/js/replay-embed.template.js?version\'+daily; defaultscript.onload = function () {alert(\'Custom Uranium script failed to load, defaulted to regular showdown graphics.\');}; document.head.appendChild(defaultscript);"></'+'script>');
</script>
