<!DOCTYPE html>
<meta charset="utf-8" />
<!-- version 1 -->
<title>[Gen 8] Custom Game replay: awesome Hornet vs. testing Hornet</title>
<style>
html,body {font-family:Verdana, sans-serif;font-size:10pt;margin:0;padding:0;}body{padding:12px 0;} .battle-log {font-family:Verdana, sans-serif;font-size:10pt;} .battle-log-inline {border:1px solid #AAAAAA;background:#EEF2F5;color:black;max-width:640px;margin:0 auto 80px;padding-bottom:5px;} .battle-log .inner {padding:4px 8px 0px 8px;} .battle-log .inner-preempt {padding:0 8px 4px 8px;} .battle-log .inner-after {margin-top:0.5em;} .battle-log h2 {margin:0.5em -8px;padding:4px 8px;border:1px solid #AAAAAA;background:#E0E7EA;border-left:0;border-right:0;font-family:Verdana, sans-serif;font-size:13pt;} .battle-log .chat {vertical-align:middle;padding:3px 0 3px 0;font-size:8pt;} .battle-log .chat strong {color:#40576A;} .battle-log .chat em {padding:1px 4px 1px 3px;color:#000000;font-style:normal;} .chat.mine {background:rgba(0,0,0,0.05);margin-left:-8px;margin-right:-8px;padding-left:8px;padding-right:8px;} .spoiler {color:#BBBBBB;background:#BBBBBB;padding:0px 3px;} .spoiler:hover, .spoiler:active, .spoiler-shown {color:#000000;background:#E2E2E2;padding:0px 3px;} .spoiler a {color:#BBBBBB;} .spoiler:hover a, .spoiler:active a, .spoiler-shown a {color:#2288CC;} .chat code, .chat .spoiler:hover code, .chat .spoiler:active code, .chat .spoiler-shown code {border:1px solid #C0C0C0;background:#EEEEEE;color:black;padding:0 2px;} .chat .spoiler code {border:1px solid #CCCCCC;background:#CCCCCC;color:#CCCCCC;} .battle-log .rated {padding:3px 4px;} .battle-log .rated strong {color:white;background:#89A;padding:1px 4px;border-radius:4px;} .spacer {margin-top:0.5em;} .message-announce {background:#6688AA;color:white;padding:1px 4px 2px;} .message-announce a, .broadcast-green a, .broadcast-blue a, .broadcast-red a {color:#DDEEFF;} .broadcast-green {background-color:#559955;color:white;padding:2px 4px;} .broadcast-blue {background-color:#6688AA;color:white;padding:2px 4px;} .infobox {border:1px solid #6688AA;padding:2px 4px;} .infobox-limited {max-height:200px;overflow:auto;overflow-x:hidden;} .broadcast-red {background-color:#AA5544;color:white;padding:2px 4px;} .message-learn-canlearn {font-weight:bold;color:#228822;text-decoration:underline;} .message-learn-cannotlearn {font-weight:bold;color:#CC2222;text-decoration:underline;} .message-effect-weak {font-weight:bold;color:#CC2222;} .message-effect-resist {font-weight:bold;color:#6688AA;} .message-effect-immune {font-weight:bold;color:#666666;} .message-learn-list {margin-top:0;margin-bottom:0;} .message-throttle-notice, .message-error {color:#992222;} .message-overflow, .chat small.message-overflow {font-size:0pt;} .message-overflow::before {font-size:9pt;content:'...';} .subtle {color:#3A4A66;}
</style>
<div class="wrapper replay-wrapper" style="max-width:1180px;margin:0 auto">
<input type="hidden" name="replayid" value="unregisteredserver-gen8customgame-89" />
<div class="battle"></div><div class="battle-log"></div><div class="replay-controls"></div><div class="replay-controls-2"></div>
<h1 style="font-weight:normal;text-align:center"><strong>[Gen 8] Custom Game</strong><br /><a href="http://pokemonshowdown.com/users/awesomehornet" class="subtle" target="_blank">awesome Hornet</a> vs. <a href="http://pokemonshowdown.com/users/testinghornet" class="subtle" target="_blank">testing Hornet</a></h1>
<script type="text/plain" class="battle-log-data">|j|☆awesome Hornet
|j|☆testing Hornet
|t:|1641785568
|gametype|singles
|player|p1|awesome Hornet|surfingninjas|
|player|p2|testing Hornet|surfingninja|
|teamsize|p1|6
|teamsize|p2|6
|gen|8
|tier|[Gen 8] Custom Game
|clearpoke
|poke|p1|Raffiti, M|
|poke|p1|Raffiti, F|
|poke|p1|Raffiti, F|
|poke|p1|Raffiti, M|
|poke|p1|Raffiti, M|
|poke|p1|Raffiti, F|
|poke|p2|Raffiti, M|
|poke|p2|Raffiti, M|
|poke|p2|Raffiti, M|
|poke|p2|Raffiti, M|
|poke|p2|Raffiti, M|
|poke|p2|Raffiti, F|
|teampreview
|
|t:|1641785635
|start
|switch|p1a: Raffiti|Raffiti, M|354\/354
|switch|p2a: Raffiti|Raffiti, M|354\/354
|turn|1
|
|t:|1641785641
|move|p2a: Raffiti|Laser Pulse|p1a: Raffiti
|debug|Wonder Guard immunity: laserpulse
|-immune|p1a: Raffiti|[from] ability: Wonder Guard
|move|p1a: Raffiti|Infernal Blade|p2a: Raffiti
|debug|Wonder Guard immunity: infernalblade
|-immune|p2a: Raffiti|[from] ability: Wonder Guard
|
|upkeep
|turn|2
|
|t:|1641785648
|move|p1a: Raffiti|Infernal Blade|p2a: Raffiti
|debug|Wonder Guard immunity: infernalblade
|-immune|p2a: Raffiti|[from] ability: Wonder Guard
|move|p2a: Raffiti|Infernal Blade|p1a: Raffiti
|debug|Wonder Guard immunity: infernalblade
|-immune|p1a: Raffiti|[from] ability: Wonder Guard
|
|upkeep
|turn|3
|
|t:|1641785671
|move|p1a: Raffiti|Infernal Blade|p2a: Raffiti
|debug|Wonder Guard immunity: infernalblade
|-immune|p2a: Raffiti|[from] ability: Wonder Guard
|move|p2a: Raffiti|Infernal Blade|p1a: Raffiti
|debug|Wonder Guard immunity: infernalblade
|-immune|p1a: Raffiti|[from] ability: Wonder Guard
|
|upkeep
|turn|4
|
|t:|1641785692
|move|p1a: Raffiti|Flame Impact|p2a: Raffiti
|debug|Wonder Guard immunity: flameimpact
|-immune|p2a: Raffiti|[from] ability: Wonder Guard
|move|p2a: Raffiti|Flame Impact|p1a: Raffiti
|debug|Wonder Guard immunity: flameimpact
|-immune|p1a: Raffiti|[from] ability: Wonder Guard
|
|upkeep
|turn|5
|
|t:|1641785946
|move|p2a: Raffiti|Caustic Breath|p1a: Raffiti
|debug|Wonder Guard immunity: causticbreath
|-immune|p1a: Raffiti|[from] ability: Wonder Guard
|move|p1a: Raffiti|Caustic Breath|p2a: Raffiti
|debug|Wonder Guard immunity: causticbreath
|-immune|p2a: Raffiti|[from] ability: Wonder Guard
|
|upkeep
|turn|6
|
|t:|1641785966
|move|p2a: Raffiti|Caustic Breath|p1a: Raffiti
|debug|Wonder Guard immunity: causticbreath
|-immune|p1a: Raffiti|[from] ability: Wonder Guard
|move|p1a: Raffiti|Caustic Breath|p2a: Raffiti
|debug|Wonder Guard immunity: causticbreath
|-immune|p2a: Raffiti|[from] ability: Wonder Guard
|
|upkeep
|turn|7
|
|t:|1641785974
|switch|p2a: Raffiti|Raffiti, M|354\/354
|switch|p1a: Raffiti|Raffiti, F|354\/354
|
|upkeep
|turn|8
|
|t:|1641785978
|move|p2a: Raffiti|Ocean's Wrath|p1a: Raffiti
|debug|Wonder Guard immunity: oceanswrath
|-immune|p1a: Raffiti|[from] ability: Wonder Guard
|move|p1a: Raffiti|Coral Break|p2a: Raffiti
|debug|Wonder Guard immunity: coralbreak
|-immune|p2a: Raffiti|[from] ability: Wonder Guard
|
|upkeep
|turn|9
|
|t:|1641786001
|move|p1a: Raffiti|Ocean's Wrath|p2a: Raffiti
|debug|Wonder Guard immunity: oceanswrath
|-immune|p2a: Raffiti|[from] ability: Wonder Guard
|move|p2a: Raffiti|Coral Break|p1a: Raffiti
|debug|Wonder Guard immunity: coralbreak
|-immune|p1a: Raffiti|[from] ability: Wonder Guard
|
|upkeep
|turn|10
|
|t:|1641786010
|move|p1a: Raffiti|Sky Fall|p2a: Raffiti
|debug|Wonder Guard immunity: skyfall
|-immune|p2a: Raffiti|[from] ability: Wonder Guard
|move|p2a: Raffiti|Sticky Terrain|p2a: Raffiti
|-fieldstart|move: Sticky Terrain
|
|upkeep
|turn|11
|
|t:|1641786036
|switch|p1a: Raffiti|Raffiti, F|354\/354
|switch|p2a: Raffiti|Raffiti, M|354\/354
|
|upkeep
|turn|12
|
|t:|1641786044
|move|p2a: Raffiti|Get Lucky|p1a: Raffiti
|debug|Wonder Guard immunity: getlucky
|-immune|p1a: Raffiti|[from] ability: Wonder Guard
|move|p1a: Raffiti|Subduction|p2a: Raffiti
|debug|Wonder Guard immunity: subduction
|-immune|p2a: Raffiti|[from] ability: Wonder Guard
|
|upkeep
|turn|13
|
|t:|1641786076
|move|p2a: Raffiti|Subduction|p1a: Raffiti
|debug|Wonder Guard immunity: subduction
|-immune|p1a: Raffiti|[from] ability: Wonder Guard
|move|p1a: Raffiti|Gemstone Glimmer|p2a: Raffiti
|debug|Wonder Guard immunity: gemstoneglimmer
|-immune|p2a: Raffiti|[from] ability: Wonder Guard
|
|upkeep
|turn|14
|
|t:|1641786103
|move|p1a: Raffiti|Gemstone Glimmer|p2a: Raffiti
|debug|Wonder Guard immunity: gemstoneglimmer
|-immune|p2a: Raffiti|[from] ability: Wonder Guard
|move|p2a: Raffiti|Gemstone Glimmer|p1a: Raffiti
|debug|Wonder Guard immunity: gemstoneglimmer
|-immune|p1a: Raffiti|[from] ability: Wonder Guard
|
|-fieldend|move: Sticky Terrain
|upkeep
|turn|15
|
|t:|1641786107
|move|p2a: Raffiti|Instant Crush|p1a: Raffiti
|debug|Wonder Guard immunity: instantcrush
|-immune|p1a: Raffiti|[from] ability: Wonder Guard
|move|p1a: Raffiti|Instant Crush|p2a: Raffiti
|debug|Wonder Guard immunity: instantcrush
|-immune|p2a: Raffiti|[from] ability: Wonder Guard
|
|upkeep
|turn|16
|
|t:|1641786134
|switch|p1a: Raffiti|Raffiti, M|354\/354
|switch|p2a: Raffiti|Raffiti, M|354\/354
|
|upkeep
|turn|17
|
|t:|1641786138
|move|p2a: Raffiti|Sudden Strike|p1a: Raffiti
|debug|Wonder Guard immunity: suddenstrike
|-immune|p1a: Raffiti|[from] ability: Wonder Guard
|move|p1a: Raffiti|Drain Life|p2a: Raffiti
|debug|Wonder Guard immunity: drainlife
|-immune|p2a: Raffiti|[from] ability: Wonder Guard
|
|upkeep
|turn|18
|
|t:|1641786147
|move|p2a: Raffiti|Sudden Strike|p1a: Raffiti
|debug|Wonder Guard immunity: suddenstrike
|-immune|p1a: Raffiti|[from] ability: Wonder Guard
|move|p1a: Raffiti|Sudden Strike|p2a: Raffiti
|debug|Wonder Guard immunity: suddenstrike
|-immune|p2a: Raffiti|[from] ability: Wonder Guard
|
|upkeep
|turn|19
|
|t:|1641786245
|move|p1a: Raffiti|Metal Whip|p2a: Raffiti
|debug|Wonder Guard immunity: metalwhip
|-immune|p2a: Raffiti|[from] ability: Wonder Guard
|move|p2a: Raffiti|Metal Cruncher|p1a: Raffiti
|debug|Wonder Guard immunity: metalcruncher
|-immune|p1a: Raffiti|[from] ability: Wonder Guard
|
|upkeep
|turn|20
|
|t:|1641786321
|switch|p2a: Raffiti|Raffiti, M|354\/354
|switch|p1a: Raffiti|Raffiti, M|354\/354
|
|upkeep
|turn|21
|
|t:|1641786327
|move|p1a: Raffiti|Radioacid|p2a: Raffiti
|debug|Wonder Guard immunity: radioacid
|-supereffective|p2a: Raffiti
|-damage|p2a: Raffiti|258\/354
|move|p2a: Raffiti|Gamma Ray|p1a: Raffiti
|debug|Wonder Guard immunity: gammaray
|-supereffective|p1a: Raffiti
|-damage|p1a: Raffiti|284\/354
|
|upkeep
|turn|22
|
|t:|1641786341
|move|p1a: Raffiti|Half-life|p2a: Raffiti
|debug|Wonder Guard immunity: halflife
|-damage|p2a: Raffiti|129\/354
|move|p2a: Raffiti|Nuclear Slash|p1a: Raffiti|[miss]
|debug|Wonder Guard immunity: nuclearslash
|-miss|p2a: Raffiti|p1a: Raffiti
|
|upkeep
|turn|23
|
|t:|1641786347
|move|p2a: Raffiti|Nuclear Slash|p1a: Raffiti
|debug|Wonder Guard immunity: nuclearslash
|-supereffective|p1a: Raffiti
|-damage|p1a: Raffiti|196\/354
|move|p1a: Raffiti|Half-life|p2a: Raffiti
|debug|Wonder Guard immunity: halflife
|-damage|p2a: Raffiti|65\/354
|
|upkeep
|turn|24
|
|t:|1641786355
|move|p2a: Raffiti|Nuclear Slash|p1a: Raffiti
|debug|Wonder Guard immunity: nuclearslash
|-supereffective|p1a: Raffiti
|-crit|p1a: Raffiti
|-damage|p1a: Raffiti|60\/354
|move|p1a: Raffiti|Nuclear Slash|p2a: Raffiti
|debug|Wonder Guard immunity: nuclearslash
|-supereffective|p2a: Raffiti
|-damage|p2a: Raffiti|0 fnt
|faint|p2a: Raffiti
|
|upkeep
|
|t:|1641786381
|switch|p2a: Raffiti|Raffiti, F|354\/354
|turn|25
|
|t:|1641786392
|move|p2a: Raffiti|Nuclear Waste|p1a: Raffiti|[miss]
|-miss|p2a: Raffiti|p1a: Raffiti
|move|p1a: Raffiti|Gamma Ray|p2a: Raffiti
|debug|Wonder Guard immunity: gammaray
|-supereffective|p2a: Raffiti
|-damage|p2a: Raffiti|286\/354
|
|upkeep
|turn|26
|
|t:|1641786398
|move|p2a: Raffiti|Nuclear Waste|p1a: Raffiti
|-status|p1a: Raffiti|tox
|move|p1a: Raffiti|Gamma Ray|p2a: Raffiti
|debug|Wonder Guard immunity: gammaray
|-supereffective|p2a: Raffiti
|-damage|p2a: Raffiti|218\/354
|
|-damage|p1a: Raffiti|38\/354 tox|[from] psn
|upkeep
|turn|27
|
|t:|1641786414
|move|p2a: Raffiti|Atomic Punch|p1a: Raffiti
|debug|Wonder Guard immunity: atomicpunch
|-supereffective|p1a: Raffiti
|-damage|p1a: Raffiti|0 fnt
|faint|p1a: Raffiti
|
|upkeep
|
|t:|1641786430
|switch|p1a: Raffiti|Raffiti, F|354\/354
|turn|28
|
|t:|1641786449
|move|p2a: Raffiti|Fallout|p2a: Raffiti
|-weather|Fallout
|move|p1a: Raffiti|Expunge|p2a: Raffiti
|debug|Wonder Guard immunity: expunge
|-supereffective|p2a: Raffiti
|-damage|p2a: Raffiti|26\/354
|
|-weather|Fallout|[upkeep]
|-damage|p1a: Raffiti|266\/354|[from] Fallout
|-damage|p2a: Raffiti|0 fnt|[from] Fallout
|faint|p2a: Raffiti
|upkeep
|
|t:|1641786470
|switch|p2a: Raffiti|Raffiti, M|354\/354
|turn|29
|
|t:|1641786474
|move|p2a: Raffiti|Instant Crush|p1a: Raffiti
|debug|Wonder Guard immunity: instantcrush
|-immune|p1a: Raffiti|[from] ability: Wonder Guard
|move|p1a: Raffiti|Quantum Leap||[still]
|-prepare|p1a: Raffiti|Quantum Leap
|
|-weather|Fallout|[upkeep]
|upkeep
|turn|30
|
|t:|1641786487
|move|p1a: Raffiti|Quantum Leap|p2a: Raffiti|[from]lockedmove
|debug|Wonder Guard immunity: quantumleap
|-supereffective|p2a: Raffiti
|-damage|p2a: Raffiti|172\/354
|move|p2a: Raffiti|Subduction|p1a: Raffiti
|debug|Wonder Guard immunity: subduction
|-immune|p1a: Raffiti|[from] ability: Wonder Guard
|
|-weather|Fallout|[upkeep]
|-damage|p2a: Raffiti|84\/354|[from] Fallout
|-damage|p1a: Raffiti|178\/354|[from] Fallout
|upkeep
|turn|31
|
|t:|1641786506
|move|p2a: Raffiti|Instant Crush|p1a: Raffiti
|debug|Wonder Guard immunity: instantcrush
|-immune|p1a: Raffiti|[from] ability: Wonder Guard
|move|p1a: Raffiti|Proton Beam|p2a: Raffiti
|debug|Wonder Guard immunity: protonbeam
|-supereffective|p2a: Raffiti
|-damage|p2a: Raffiti|0 fnt
|-unboost|p1a: Raffiti|spa|2
|faint|p2a: Raffiti
|
|-weather|Fallout|[upkeep]
|upkeep
|
|t:|1641786519
|switch|p2a: Raffiti|Raffiti, M|354\/354
|turn|32
|
|t:|1641786524
|move|p2a: Raffiti|Sudden Strike|p1a: Raffiti
|debug|Wonder Guard immunity: suddenstrike
|-immune|p1a: Raffiti|[from] ability: Wonder Guard
|move|p1a: Raffiti|Fission Burst|p2a: Raffiti
|debug|Wonder Guard immunity: fissionburst
|-supereffective|p2a: Raffiti
|-damage|p2a: Raffiti|88\/354
|faint|p1a: Raffiti
|
|-weather|none
|upkeep
|l|☆testing Hornet
|player|p2|
|-message|awesome Hornet forfeited.
|
|win|testing Hornet
|l|☆awesome Hornet
</script>
</div>
<div class="battle-log battle-log-inline"><div class="inner"><div class="battle-options"><div style="padding-top: 3px; padding-right: 3px; text-align: right"><button class="icon button" name="openBattleOptions" title="Options">Battle Options</button></div></div><div class="inner message-log"><div class="chat"><small>☆awesome Hornet and ☆testing Hornet joined</small></div><div class=""><small>Format:</small> <br><strong>[Gen 8] Custom Game</strong></div><div class="chat battle-history"><strong>awesome Hornet's team:</strong> <em style="color:#445566;display:block;">Raffiti / Raffiti / Raffiti / Raffiti / Raffiti / Raffiti</em></div><div class="chat battle-history"><strong>testing Hornet's team:</strong> <em style="color:#445566;display:block;">Raffiti / Raffiti / Raffiti / Raffiti / Raffiti / Raffiti</em></div><div class="spacer battle-history"><br></div><div class="battle-history">Battle started between awesome Hornet and testing Hornet!<br></div><div class="spacer battle-history"><br></div><div class="battle-history">Go! <strong>Raffiti</strong>!<br></div><div class="spacer battle-history"><br></div><div class="battle-history">testing Hornet sent out <strong>Raffiti</strong>!<br></div><div class="spacer battle-history"><br></div><h2 class="battle-history">Turn 1</h2><div class="spacer battle-history"><br></div><div class="battle-history">The opposing Raffiti used <strong>Laser Pulse</strong>!<br></div><div class="debug"><div class="chat"><small style="color:#999">[DEBUG] Wonder Guard immunity: laserpulse.</small></div></div><div class="battle-history">[Raffiti's Wonder Guard]<br><small>It doesn't affect Raffiti...</small><br></div><div class="spacer battle-history"><br></div><div class="battle-history">Raffiti used <strong>Infernal Blade</strong>!<br></div><div class="debug"><div class="chat"><small style="color:#999">[DEBUG] Wonder Guard immunity: infernalblade.</small></div></div><div class="battle-history">[The opposing Raffiti's Wonder Guard]<br><small>It doesn't affect the opposing Raffiti...</small><br></div><div class="spacer battle-history"><br></div><h2 class="battle-history">Turn 2</h2><div class="spacer battle-history"><br></div><div class="battle-history">Raffiti used <strong>Infernal Blade</strong>!<br></div><div class="debug"><div class="chat"><small style="color:#999">[DEBUG] Wonder Guard immunity: infernalblade.</small></div></div><div class="battle-history">[The opposing Raffiti's Wonder Guard]<br><small>It doesn't affect the opposing Raffiti...</small><br></div><div class="spacer battle-history"><br></div><div class="battle-history">The opposing Raffiti used <strong>Infernal Blade</strong>!<br></div><div class="debug"><div class="chat"><small style="color:#999">[DEBUG] Wonder Guard immunity: infernalblade.</small></div></div><div class="battle-history">[Raffiti's Wonder Guard]<br><small>It doesn't affect Raffiti...</small><br></div><div class="spacer battle-history"><br></div><h2 class="battle-history">Turn 3</h2><div class="spacer battle-history"><br></div><div class="battle-history">Raffiti used <strong>Infernal Blade</strong>!<br></div><div class="debug"><div class="chat"><small style="color:#999">[DEBUG] Wonder Guard immunity: infernalblade.</small></div></div><div class="battle-history">[The opposing Raffiti's Wonder Guard]<br><small>It doesn't affect the opposing Raffiti...</small><br></div><div class="spacer battle-history"><br></div><div class="battle-history">The opposing Raffiti used <strong>Infernal Blade</strong>!<br></div><div class="debug"><div class="chat"><small style="color:#999">[DEBUG] Wonder Guard immunity: infernalblade.</small></div></div><div class="battle-history">[Raffiti's Wonder Guard]<br><small>It doesn't affect Raffiti...</small><br></div><div class="spacer battle-history"><br></div><h2 class="battle-history">Turn 4</h2><div class="spacer battle-history"><br></div><div class="battle-history">Raffiti used <strong>Flame Impact</strong>!<br></div><div class="debug"><div class="chat"><small style="color:#999">[DEBUG] Wonder Guard immunity: flameimpact.</small></div></div><div class="battle-history">[The opposing Raffiti's Wonder Guard]<br><small>It doesn't affect the opposing Raffiti...</small><br></div><div class="spacer battle-history"><br></div><div class="battle-history">The opposing Raffiti used <strong>Flame Impact</strong>!<br></div><div class="debug"><div class="chat"><small style="color:#999">[DEBUG] Wonder Guard immunity: flameimpact.</small></div></div><div class="battle-history">[Raffiti's Wonder Guard]<br><small>It doesn't affect Raffiti...</small><br></div><div class="spacer battle-history"><br></div><h2 class="battle-history">Turn 5</h2><div class="spacer battle-history"><br></div><div class="battle-history">The opposing Raffiti used <strong>Caustic Breath</strong>!<br></div><div class="debug"><div class="chat"><small style="color:#999">[DEBUG] Wonder Guard immunity: causticbreath.</small></div></div><div class="battle-history">[Raffiti's Wonder Guard]<br><small>It doesn't affect Raffiti...</small><br></div><div class="spacer battle-history"><br></div><div class="battle-history">Raffiti used <strong>Caustic Breath</strong>!<br></div><div class="debug"><div class="chat"><small style="color:#999">[DEBUG] Wonder Guard immunity: causticbreath.</small></div></div><div class="battle-history">[The opposing Raffiti's Wonder Guard]<br><small>It doesn't affect the opposing Raffiti...</small><br></div><div class="spacer battle-history"><br></div><h2 class="battle-history">Turn 6</h2><div class="spacer battle-history"><br></div><div class="battle-history">The opposing Raffiti used <strong>Caustic Breath</strong>!<br></div><div class="debug"><div class="chat"><small style="color:#999">[DEBUG] Wonder Guard immunity: causticbreath.</small></div></div><div class="battle-history">[Raffiti's Wonder Guard]<br><small>It doesn't affect Raffiti...</small><br></div><div class="spacer battle-history"><br></div><div class="battle-history">Raffiti used <strong>Caustic Breath</strong>!<br></div><div class="debug"><div class="chat"><small style="color:#999">[DEBUG] Wonder Guard immunity: causticbreath.</small></div></div><div class="battle-history">[The opposing Raffiti's Wonder Guard]<br><small>It doesn't affect the opposing Raffiti...</small><br></div><div class="spacer battle-history"><br></div><h2 class="battle-history">Turn 7</h2><div class="spacer battle-history"><br></div><div class="battle-history">testing Hornet withdrew Raffiti!<br></div><div class="battle-history">testing Hornet sent out <strong>Raffiti</strong>!<br></div><div class="spacer battle-history"><br></div><div class="battle-history">Raffiti, come back!<br></div><div class="battle-history">Go! <strong>Raffiti</strong>!<br></div><div class="spacer battle-history"><br></div><h2 class="battle-history">Turn 8</h2><div class="spacer battle-history"><br></div><div class="battle-history">The opposing Raffiti used <strong>Ocean's Wrath</strong>!<br></div><div class="debug"><div class="chat"><small style="color:#999">[DEBUG] Wonder Guard immunity: oceanswrath.</small></div></div><div class="battle-history">[Raffiti's Wonder Guard]<br><small>It doesn't affect Raffiti...</small><br></div><div class="spacer battle-history"><br></div><div class="battle-history">Raffiti used <strong>Coral Break</strong>!<br></div><div class="debug"><div class="chat"><small style="color:#999">[DEBUG] Wonder Guard immunity: coralbreak.</small></div></div><div class="battle-history">[The opposing Raffiti's Wonder Guard]<br><small>It doesn't affect the opposing Raffiti...</small><br></div><div class="spacer battle-history"><br></div><h2 class="battle-history">Turn 9</h2><div class="spacer battle-history"><br></div><div class="battle-history">Raffiti used <strong>Ocean's Wrath</strong>!<br></div><div class="debug"><div class="chat"><small style="color:#999">[DEBUG] Wonder Guard immunity: oceanswrath.</small></div></div><div class="battle-history">[The opposing Raffiti's Wonder Guard]<br><small>It doesn't affect the opposing Raffiti...</small><br></div><div class="spacer battle-history"><br></div><div class="battle-history">The opposing Raffiti used <strong>Coral Break</strong>!<br></div><div class="debug"><div class="chat"><small style="color:#999">[DEBUG] Wonder Guard immunity: coralbreak.</small></div></div><div class="battle-history">[Raffiti's Wonder Guard]<br><small>It doesn't affect Raffiti...</small><br></div><div class="spacer battle-history"><br></div><h2 class="battle-history">Turn 10</h2><div class="spacer battle-history"><br></div><div class="battle-history">Raffiti used <strong>Sky Fall</strong>!<br></div><div class="debug"><div class="chat"><small style="color:#999">[DEBUG] Wonder Guard immunity: skyfall.</small></div></div><div class="battle-history">[The opposing Raffiti's Wonder Guard]<br><small>It doesn't affect the opposing Raffiti...</small><br></div><div class="spacer battle-history"><br></div><div class="battle-history">The opposing Raffiti used <strong>Sticky Terrain</strong>!<br></div><div class="battle-history"><small>The battlefield became sticky!</small><br></div><div class="spacer battle-history"><br></div><h2 class="battle-history">Turn 11</h2><div class="spacer battle-history"><br></div><div class="battle-history">Raffiti, come back!<br></div><div class="battle-history">Go! <strong>Raffiti</strong>!<br></div><div class="spacer battle-history"><br></div><div class="battle-history">testing Hornet withdrew Raffiti!<br></div><div class="battle-history">testing Hornet sent out <strong>Raffiti</strong>!<br></div><div class="spacer battle-history"><br></div><h2 class="battle-history">Turn 12</h2><div class="spacer battle-history"><br></div><div class="battle-history">The opposing Raffiti used <strong>Get Lucky</strong>!<br></div><div class="debug"><div class="chat"><small style="color:#999">[DEBUG] Wonder Guard immunity: getlucky.</small></div></div><div class="battle-history">[Raffiti's Wonder Guard]<br><small>It doesn't affect Raffiti...</small><br></div><div class="spacer battle-history"><br></div><div class="battle-history">Raffiti used <strong>Subduction</strong>!<br></div><div class="debug"><div class="chat"><small style="color:#999">[DEBUG] Wonder Guard immunity: subduction.</small></div></div><div class="battle-history">[The opposing Raffiti's Wonder Guard]<br><small>It doesn't affect the opposing Raffiti...</small><br></div><div class="spacer battle-history"><br></div><h2 class="battle-history">Turn 13</h2><div class="spacer battle-history"><br></div><div class="battle-history">The opposing Raffiti used <strong>Subduction</strong>!<br></div><div class="debug"><div class="chat"><small style="color:#999">[DEBUG] Wonder Guard immunity: subduction.</small></div></div><div class="battle-history">[Raffiti's Wonder Guard]<br><small>It doesn't affect Raffiti...</small><br></div><div class="spacer battle-history"><br></div><div class="battle-history">Raffiti used <strong>Gemstone Glimmer</strong>!<br></div><div class="debug"><div class="chat"><small style="color:#999">[DEBUG] Wonder Guard immunity: gemstoneglimmer.</small></div></div><div class="battle-history">[The opposing Raffiti's Wonder Guard]<br><small>It doesn't affect the opposing Raffiti...</small><br></div><div class="spacer battle-history"><br></div><h2 class="battle-history">Turn 14</h2><div class="spacer battle-history"><br></div><div class="battle-history">Raffiti used <strong>Gemstone Glimmer</strong>!<br></div><div class="debug"><div class="chat"><small style="color:#999">[DEBUG] Wonder Guard immunity: gemstoneglimmer.</small></div></div><div class="battle-history">[The opposing Raffiti's Wonder Guard]<br><small>It doesn't affect the opposing Raffiti...</small><br></div><div class="spacer battle-history"><br></div><div class="battle-history">The opposing Raffiti used <strong>Gemstone Glimmer</strong>!<br></div><div class="debug"><div class="chat"><small style="color:#999">[DEBUG] Wonder Guard immunity: gemstoneglimmer.</small></div></div><div class="battle-history">[Raffiti's Wonder Guard]<br><small>It doesn't affect Raffiti...</small><br></div><div class="spacer battle-history"><br></div><div class="battle-history"><small>The stickiness disappeared from the battlefield!</small><br></div><div class="spacer battle-history"><br></div><h2 class="battle-history">Turn 15</h2><div class="spacer battle-history"><br></div><div class="battle-history">The opposing Raffiti used <strong>Instant Crush</strong>!<br></div><div class="debug"><div class="chat"><small style="color:#999">[DEBUG] Wonder Guard immunity: instantcrush.</small></div></div><div class="battle-history">[Raffiti's Wonder Guard]<br><small>It doesn't affect Raffiti...</small><br></div><div class="spacer battle-history"><br></div><div class="battle-history">Raffiti used <strong>Instant Crush</strong>!<br></div><div class="debug"><div class="chat"><small style="color:#999">[DEBUG] Wonder Guard immunity: instantcrush.</small></div></div><div class="battle-history">[The opposing Raffiti's Wonder Guard]<br><small>It doesn't affect the opposing Raffiti...</small><br></div><div class="spacer battle-history"><br></div><h2 class="battle-history">Turn 16</h2><div class="spacer battle-history"><br></div><div class="battle-history">Raffiti, come back!<br></div><div class="battle-history">Go! <strong>Raffiti</strong>!<br></div><div class="spacer battle-history"><br></div><div class="battle-history">testing Hornet withdrew Raffiti!<br></div><div class="battle-history">testing Hornet sent out <strong>Raffiti</strong>!<br></div><div class="spacer battle-history"><br></div><h2 class="battle-history">Turn 17</h2><div class="spacer battle-history"><br></div><div class="battle-history">The opposing Raffiti used <strong>Sudden Strike</strong>!<br></div><div class="debug"><div class="chat"><small style="color:#999">[DEBUG] Wonder Guard immunity: suddenstrike.</small></div></div><div class="battle-history">[Raffiti's Wonder Guard]<br><small>It doesn't affect Raffiti...</small><br></div><div class="spacer battle-history"><br></div><div class="battle-history">Raffiti used <strong>Drain Life</strong>!<br></div><div class="debug"><div class="chat"><small style="color:#999">[DEBUG] Wonder Guard immunity: drainlife.</small></div></div><div class="battle-history">[The opposing Raffiti's Wonder Guard]<br><small>It doesn't affect the opposing Raffiti...</small><br></div><div class="spacer battle-history"><br></div><h2 class="battle-history">Turn 18</h2><div class="spacer battle-history"><br></div><div class="battle-history">The opposing Raffiti used <strong>Sudden Strike</strong>!<br></div><div class="debug"><div class="chat"><small style="color:#999">[DEBUG] Wonder Guard immunity: suddenstrike.</small></div></div><div class="battle-history">[Raffiti's Wonder Guard]<br><small>It doesn't affect Raffiti...</small><br></div><div class="spacer battle-history"><br></div><div class="battle-history">Raffiti used <strong>Sudden Strike</strong>!<br></div><div class="debug"><div class="chat"><small style="color:#999">[DEBUG] Wonder Guard immunity: suddenstrike.</small></div></div><div class="battle-history">[The opposing Raffiti's Wonder Guard]<br><small>It doesn't affect the opposing Raffiti...</small><br></div><div class="spacer battle-history"><br></div><h2 class="battle-history">Turn 19</h2><div class="spacer battle-history"><br></div><div class="battle-history">Raffiti used <strong>Metal Whip</strong>!<br></div><div class="debug"><div class="chat"><small style="color:#999">[DEBUG] Wonder Guard immunity: metalwhip.</small></div></div><div class="battle-history">[The opposing Raffiti's Wonder Guard]<br><small>It doesn't affect the opposing Raffiti...</small><br></div><div class="spacer battle-history"><br></div><div class="battle-history">The opposing Raffiti used <strong>Metal Cruncher</strong>!<br></div><div class="debug"><div class="chat"><small style="color:#999">[DEBUG] Wonder Guard immunity: metalcruncher.</small></div></div><div class="battle-history">[Raffiti's Wonder Guard]<br><small>It doesn't affect Raffiti...</small><br></div><div class="spacer battle-history"><br></div><h2 class="battle-history">Turn 20</h2><div class="spacer battle-history"><br></div><div class="battle-history">testing Hornet withdrew Raffiti!<br></div><div class="battle-history">testing Hornet sent out <strong>Raffiti</strong>!<br></div><div class="spacer battle-history"><br></div><div class="battle-history">Raffiti, come back!<br></div><div class="battle-history">Go! <strong>Raffiti</strong>!<br></div><div class="spacer battle-history"><br></div><h2 class="battle-history">Turn 21</h2><div class="spacer battle-history"><br></div><div class="battle-history">Raffiti used <strong>Radioacid</strong>!<br></div><div class="debug"><div class="chat"><small style="color:#999">[DEBUG] Wonder Guard immunity: radioacid.</small></div></div><div class="battle-history"><small>It's super effective!</small><br></div><div class="battle-history"><small>(The opposing Raffiti lost <abbr title="−96/354">27.1%</abbr> of its health!)</small><br></div><div class="spacer battle-history"><br></div><div class="battle-history">The opposing Raffiti used <strong>Gamma Ray</strong>!<br></div><div class="debug"><div class="chat"><small style="color:#999">[DEBUG] Wonder Guard immunity: gammaray.</small></div></div><div class="battle-history"><small>It's super effective!</small><br></div><div class="battle-history"><small>(Raffiti lost <abbr title="−70/354">19.8%</abbr> of its health!)</small><br></div><div class="spacer battle-history"><br></div><h2 class="battle-history">Turn 22</h2><div class="spacer battle-history"><br></div><div class="battle-history">Raffiti used <strong>Half-life</strong>!<br></div><div class="debug"><div class="chat"><small style="color:#999">[DEBUG] Wonder Guard immunity: halflife.</small></div></div><div class="battle-history"><small>(The opposing Raffiti lost <abbr title="−129/354">36.4%</abbr> of its health!)</small><br></div><div class="spacer battle-history"><br></div><div class="battle-history">The opposing Raffiti used <strong>Nuclear Slash</strong>!<br></div><div class="debug"><div class="chat"><small style="color:#999">[DEBUG] Wonder Guard immunity: nuclearslash.</small></div></div><div class="battle-history"><small>Raffiti avoided the attack!</small><br></div><div class="spacer battle-history"><br></div><h2 class="battle-history">Turn 23</h2><div class="spacer battle-history"><br></div><div class="battle-history">The opposing Raffiti used <strong>Nuclear Slash</strong>!<br></div><div class="debug"><div class="chat"><small style="color:#999">[DEBUG] Wonder Guard immunity: nuclearslash.</small></div></div><div class="battle-history"><small>It's super effective!</small><br></div><div class="battle-history"><small>(Raffiti lost <abbr title="−88/354">24.9%</abbr> of its health!)</small><br></div><div class="spacer battle-history"><br></div><div class="battle-history">Raffiti used <strong>Half-life</strong>!<br></div><div class="debug"><div class="chat"><small style="color:#999">[DEBUG] Wonder Guard immunity: halflife.</small></div></div><div class="battle-history"><small>(The opposing Raffiti lost <abbr title="−64/354">18.1%</abbr> of its health!)</small><br></div><div class="spacer battle-history"><br></div><h2 class="battle-history">Turn 24</h2><div class="spacer battle-history"><br></div><div class="battle-history">The opposing Raffiti used <strong>Nuclear Slash</strong>!<br></div><div class="debug"><div class="chat"><small style="color:#999">[DEBUG] Wonder Guard immunity: nuclearslash.</small></div></div><div class="battle-history"><small>It's super effective!</small><br></div><div class="battle-history"><small>A critical hit!</small><br></div><div class="battle-history"><small>(Raffiti lost <abbr title="−136/354">38.4%</abbr> of its health!)</small><br></div><div class="spacer battle-history"><br></div><div class="battle-history">Raffiti used <strong>Nuclear Slash</strong>!<br></div><div class="debug"><div class="chat"><small style="color:#999">[DEBUG] Wonder Guard immunity: nuclearslash.</small></div></div><div class="battle-history"><small>It's super effective!</small><br></div><div class="battle-history"><small>(The opposing Raffiti lost <abbr title="−65/354">18.4%</abbr> of its health!)</small><br></div><div class="spacer battle-history"><br></div><div class="battle-history">The opposing Raffiti fainted!<br></div><div class="spacer battle-history"><br></div><div class="battle-history">testing Hornet sent out <strong>Raffiti</strong>!<br></div><div class="spacer battle-history"><br></div><h2 class="battle-history">Turn 25</h2><div class="spacer battle-history"><br></div><div class="battle-history">The opposing Raffiti used <strong>Nuclear Waste</strong>!<br></div><div class="battle-history"><small>Raffiti avoided the attack!</small><br></div><div class="spacer battle-history"><br></div><div class="battle-history">Raffiti used <strong>Gamma Ray</strong>!<br></div><div class="debug"><div class="chat"><small style="color:#999">[DEBUG] Wonder Guard immunity: gammaray.</small></div></div><div class="battle-history"><small>It's super effective!</small><br></div><div class="battle-history"><small>(The opposing Raffiti lost <abbr title="−68/354">19.2%</abbr> of its health!)</small><br></div><div class="spacer battle-history"><br></div><h2 class="battle-history">Turn 26</h2><div class="spacer battle-history"><br></div><div class="battle-history">The opposing Raffiti used <strong>Nuclear Waste</strong>!<br></div><div class="battle-history"><small>Raffiti was badly poisoned!</small><br></div><div class="spacer battle-history"><br></div><div class="battle-history">Raffiti used <strong>Gamma Ray</strong>!<br></div><div class="debug"><div class="chat"><small style="color:#999">[DEBUG] Wonder Guard immunity: gammaray.</small></div></div><div class="battle-history"><small>It's super effective!</small><br></div><div class="battle-history"><small>(The opposing Raffiti lost <abbr title="−68/354">19.2%</abbr> of its health!)</small><br></div><div class="spacer battle-history"><br></div><div class="battle-history"><small>Raffiti was hurt by poison!</small><br></div><div class="spacer battle-history"><br></div><h2 class="battle-history">Turn 27</h2><div class="spacer battle-history"><br></div><div class="battle-history">The opposing Raffiti used <strong>Atomic Punch</strong>!<br></div><div class="debug"><div class="chat"><small style="color:#999">[DEBUG] Wonder Guard immunity: atomicpunch.</small></div></div><div class="battle-history"><small>It's super effective!</small><br></div><div class="battle-history"><small>(Raffiti lost <abbr title="−38/354">10.7%</abbr> of its health!)</small><br></div><div class="spacer battle-history"><br></div><div class="battle-history">Raffiti fainted!<br></div><div class="spacer battle-history"><br></div><div class="battle-history">Go! <strong>Raffiti</strong>!<br></div><div class="spacer battle-history"><br></div><h2 class="battle-history">Turn 28</h2><div class="spacer battle-history"><br></div><div class="battle-history">The opposing Raffiti used <strong>Fallout</strong>!<br></div><div class="battle-history"><small>A Toxic Fallout has set in!</small><br></div><div class="spacer battle-history"><br></div><div class="battle-history">Raffiti used <strong>Expunge</strong>!<br></div><div class="debug"><div class="chat"><small style="color:#999">[DEBUG] Wonder Guard immunity: expunge.</small></div></div><div class="battle-history"><small>It's super effective!</small><br></div><div class="battle-history"><small>(The opposing Raffiti lost <abbr title="−192/354">54.2%</abbr> of its health!)</small><br></div><div class="spacer battle-history"><br></div><div class="battle-history"><small>(The geiger counter is FEROCIOUSLY ticking.)</small><br></div><div class="battle-history"><small>Raffiti is affected by the radiation!</small><br></div><div class="battle-history"><small>The opposing Raffiti is affected by the radiation!</small><br></div><div class="spacer battle-history"><br></div><div class="battle-history">The opposing Raffiti fainted!<br></div><div class="spacer battle-history"><br></div><div class="battle-history">testing Hornet sent out <strong>Raffiti</strong>!<br></div><div class="spacer battle-history"><br></div><h2 class="battle-history">Turn 29</h2><div class="spacer battle-history"><br></div><div class="battle-history">The opposing Raffiti used <strong>Instant Crush</strong>!<br></div><div class="debug"><div class="chat"><small style="color:#999">[DEBUG] Wonder Guard immunity: instantcrush.</small></div></div><div class="battle-history">[Raffiti's Wonder Guard]<br><small>It doesn't affect Raffiti...</small><br></div><div class="spacer battle-history"><br></div><div class="battle-history">Raffiti used <strong>Quantum Leap</strong>!<br></div><div class="battle-history">Raffiti vanished instantly!<br></div><div class="spacer battle-history"><br></div><div class="battle-history"><small>(The geiger counter is FEROCIOUSLY ticking.)</small><br></div><div class="spacer battle-history"><br></div><h2 class="battle-history">Turn 30</h2><div class="spacer battle-history"><br></div><div class="battle-history">Raffiti used <strong>Quantum Leap</strong>!<br></div><div class="debug"><div class="chat"><small style="color:#999">[DEBUG] Wonder Guard immunity: quantumleap.</small></div></div><div class="battle-history"><small>It's super effective!</small><br></div><div class="battle-history"><small>(The opposing Raffiti lost <abbr title="−182/354">51.4%</abbr> of its health!)</small><br></div><div class="spacer battle-history"><br></div><div class="battle-history">The opposing Raffiti used <strong>Subduction</strong>!<br></div><div class="debug"><div class="chat"><small style="color:#999">[DEBUG] Wonder Guard immunity: subduction.</small></div></div><div class="battle-history">[Raffiti's Wonder Guard]<br><small>It doesn't affect Raffiti...</small><br></div><div class="spacer battle-history"><br></div><div class="battle-history"><small>(The geiger counter is FEROCIOUSLY ticking.)</small><br></div><div class="battle-history"><small>The opposing Raffiti is affected by the radiation!</small><br></div><div class="battle-history"><small>Raffiti is affected by the radiation!</small><br></div><div class="spacer battle-history"><br></div><h2 class="battle-history">Turn 31</h2><div class="spacer battle-history"><br></div><div class="battle-history">The opposing Raffiti used <strong>Instant Crush</strong>!<br></div><div class="debug"><div class="chat"><small style="color:#999">[DEBUG] Wonder Guard immunity: instantcrush.</small></div></div><div class="battle-history">[Raffiti's Wonder Guard]<br><small>It doesn't affect Raffiti...</small><br></div><div class="spacer battle-history"><br></div><div class="battle-history">Raffiti used <strong>Proton Beam</strong>!<br></div><div class="debug"><div class="chat"><small style="color:#999">[DEBUG] Wonder Guard immunity: protonbeam.</small></div></div><div class="battle-history"><small>It's super effective!</small><br></div><div class="battle-history"><small>(The opposing Raffiti lost <abbr title="−84/354">23.7%</abbr> of its health!)</small><br></div><div class="battle-history"><small>Raffiti's Sp. Atk fell harshly!</small><br></div><div class="spacer battle-history"><br></div><div class="battle-history">The opposing Raffiti fainted!<br></div><div class="spacer battle-history"><br></div><div class="battle-history"><small>(The geiger counter is FEROCIOUSLY ticking.)</small><br></div><div class="spacer battle-history"><br></div><div class="battle-history">testing Hornet sent out <strong>Raffiti</strong>!<br></div><div class="spacer battle-history"><br></div><h2 class="battle-history">Turn 32</h2><div class="spacer battle-history"><br></div><div class="battle-history">The opposing Raffiti used <strong>Sudden Strike</strong>!<br></div><div class="debug"><div class="chat"><small style="color:#999">[DEBUG] Wonder Guard immunity: suddenstrike.</small></div></div><div class="battle-history">[Raffiti's Wonder Guard]<br><small>It doesn't affect Raffiti...</small><br></div><div class="spacer battle-history"><br></div><div class="battle-history">Raffiti used <strong>Fission Burst</strong>!<br></div><div class="debug"><div class="chat"><small style="color:#999">[DEBUG] Wonder Guard immunity: fissionburst.</small></div></div><div class="battle-history"><small>It's super effective!</small><br></div><div class="battle-history"><small>(The opposing Raffiti lost <abbr title="−266/354">75.1%</abbr> of its health!)</small><br></div><div class="spacer battle-history"><br></div><div class="battle-history">Raffiti fainted!<br></div><div class="spacer battle-history"><br></div><div class="battle-history"><small>The air is clean again.</small><br></div><div class="chat"><small>☆testing Hornet left</small></div><div class="spacer battle-history"><br></div><div class="battle-history"><small>awesome Hornet forfeited.</small><br></div><div class="spacer battle-history"><br></div><div class="battle-history"><strong>testing Hornet</strong> won the battle!<br></div><div class="chat"><small>☆awesome Hornet left</small></div></div><div class="inner-preempt message-log"></div></div></div>
</div>
<script>
let daily = Math.floor(Date.now()/1000/60/60/24);document.write('<script src="https://cdn.jsdelivr.net/gh/eriedaberrie/pokemon-showdown-client@master/js/replay-embed.template.js?version'+daily+'" onerror="let defaultscript = document.createElement(\'script\'); defaultscript.src = \'https://play.pokemonshowdown.com/js/replay-embed.template.js?version\'+daily; defaultscript.onload = function () {alert(\'Custom Uranium script failed to load, defaulted to regular showdown graphics.\');}; document.head.appendChild(defaultscript);"></'+'script>');
</script>
