<!DOCTYPE html>
<meta charset="utf-8" />
<!-- version 1 -->
<title>[Gen 6] Gamma replay: Andyv2.0 vs. ilikerubikscubes</title>
<style>
html,body {font-family:Verdana, sans-serif;font-size:10pt;margin:0;padding:0;}body{padding:12px 0;} .battle-log {font-family:Verdana, sans-serif;font-size:10pt;} .battle-log-inline {border:1px solid #AAAAAA;background:#EEF2F5;color:black;max-width:640px;margin:0 auto 80px;padding-bottom:5px;} .battle-log .inner {padding:4px 8px 0px 8px;} .battle-log .inner-preempt {padding:0 8px 4px 8px;} .battle-log .inner-after {margin-top:0.5em;} .battle-log h2 {margin:0.5em -8px;padding:4px 8px;border:1px solid #AAAAAA;background:#E0E7EA;border-left:0;border-right:0;font-family:Verdana, sans-serif;font-size:13pt;} .battle-log .chat {vertical-align:middle;padding:3px 0 3px 0;font-size:8pt;} .battle-log .chat strong {color:#40576A;} .battle-log .chat em {padding:1px 4px 1px 3px;color:#000000;font-style:normal;} .chat.mine {background:rgba(0,0,0,0.05);margin-left:-8px;margin-right:-8px;padding-left:8px;padding-right:8px;} .spoiler {color:#BBBBBB;background:#BBBBBB;padding:0px 3px;} .spoiler:hover, .spoiler:active, .spoiler-shown {color:#000000;background:#E2E2E2;padding:0px 3px;} .spoiler a {color:#BBBBBB;} .spoiler:hover a, .spoiler:active a, .spoiler-shown a {color:#2288CC;} .chat code, .chat .spoiler:hover code, .chat .spoiler:active code, .chat .spoiler-shown code {border:1px solid #C0C0C0;background:#EEEEEE;color:black;padding:0 2px;} .chat .spoiler code {border:1px solid #CCCCCC;background:#CCCCCC;color:#CCCCCC;} .battle-log .rated {padding:3px 4px;} .battle-log .rated strong {color:white;background:#89A;padding:1px 4px;border-radius:4px;} .spacer {margin-top:0.5em;} .message-announce {background:#6688AA;color:white;padding:1px 4px 2px;} .message-announce a, .broadcast-green a, .broadcast-blue a, .broadcast-red a {color:#DDEEFF;} .broadcast-green {background-color:#559955;color:white;padding:2px 4px;} .broadcast-blue {background-color:#6688AA;color:white;padding:2px 4px;} .infobox {border:1px solid #6688AA;padding:2px 4px;} .infobox-limited {max-height:200px;overflow:auto;overflow-x:hidden;} .broadcast-red {background-color:#AA5544;color:white;padding:2px 4px;} .message-learn-canlearn {font-weight:bold;color:#228822;text-decoration:underline;} .message-learn-cannotlearn {font-weight:bold;color:#CC2222;text-decoration:underline;} .message-effect-weak {font-weight:bold;color:#CC2222;} .message-effect-resist {font-weight:bold;color:#6688AA;} .message-effect-immune {font-weight:bold;color:#666666;} .message-learn-list {margin-top:0;margin-bottom:0;} .message-throttle-notice, .message-error {color:#992222;} .message-overflow, .chat small.message-overflow {font-size:0pt;} .message-overflow::before {font-size:9pt;content:'...';} .subtle {color:#3A4A66;}
</style>
<div class="wrapper replay-wrapper" style="max-width:1180px;margin:0 auto">
<input type="hidden" name="replayid" value="unregisteredserver-gen6gamma-460" />
<div class="battle"></div><div class="battle-log"></div><div class="replay-controls"></div><div class="replay-controls-2"></div>
<h1 style="font-weight:normal;text-align:center"><strong>[Gen 6] Gamma</strong><br /><a href="http://pokemonshowdown.com/users/andyv20" class="subtle" target="_blank">Andyv2.0</a> vs. <a href="http://pokemonshowdown.com/users/ilikerubikscubes" class="subtle" target="_blank">ilikerubikscubes</a></h1>
<script type="text/plain" class="battle-log-data">|j|☆Andyv2.0

|j|☆ilikerubikscubes
|t:|1644764570
|gametype|singles
|player|p1|Andyv2.0|170|
|player|p2|ilikerubikscubes|namininja|
|teamsize|p1|6
|teamsize|p2|6
|gen|6
|tier|[Gen 6] Gamma
|rule|Sleep Clause Mod: Limit one foe put to sleep
|rule|Species Clause: Limit one of each Pokémon
|rule|OHKO Clause: OHKO moves are banned
|rule|Moody Clause: Moody is banned
|rule|Evasion Moves Clause: Evasion moves are banned
|rule|Endless Battle Clause: Forcing endless battles is banned
|rule|HP Percentage Mod: HP is shown in percentages
|rule|Nuclear Clause Mod: Non-Nuclear Pokémon can't use Nuclear-type moves
|rule|Soft Baton Pass Mod: Baton Pass doesn't pass positive stat boosts
|clearpoke
|poke|p1|Beliaddon, M|item
|poke|p1|Espeon, F|item
|poke|p1|Navighast, M|item
|poke|p1|Dermafrost, F|item
|poke|p1|Gyarados, M|item
|poke|p1|Whimsicott, F|item
|poke|p2|Syrentide, F|item
|poke|p2|Metalynx, F|item
|poke|p2|Garlikid|item
|poke|p2|Duplicat|item
|poke|p2|Frosthra, F|item
|poke|p2|Gararewl, M|item
|teampreview
|j|@Tanamar
|c|☆Andyv2.0|glhf
|c|☆ilikerubikscubes|glhf
|c|☆ilikerubikscubes|imma wait for some more people to join
|c|☆Andyv2.0|That's fair.
|c|☆ilikerubikscubes|1 sec
|c|☆ilikerubikscubes|We might have to rechallenge, check Discord
|l|☆ilikerubikscubes
|player|p2|
|j|☆ilikerubikscubes
|player|p2|ilikerubikscubes|namininja
|c|☆Andyv2.0|Are we done waiting for people to join still?
|c|☆ilikerubikscubes|That's on you really.
|c|☆ilikerubikscubes|I don't mind starting early.
|c|@Tanamar|if they don't choose a name I don't think you can see spectators
|c|☆ilikerubikscubes|Alright, you wanna start?
|c|☆Andyv2.0|I already chose my lead. I am ready.
|
|t:|1644764893
|start
|switch|p1a: Lady Gaga|Whimsicott, F|301\/301
|switch|p2a: Gararewl|Gararewl, M|100\/100
|turn|1
|
|t:|1644764905
|detailschange|p1a: Lady Gaga|Whimsicott-Mega, F
|-mega|p1a: Lady Gaga|Whimsicott|Whimsicottite
|move|p1a: Lady Gaga|Taunt|p2a: Gararewl
|-start|p2a: Gararewl|move: Taunt
|cant|p2a: Gararewl|move: Taunt|Stealth Rock
|
|upkeep
|turn|2
|
|t:|1644764939
|move|p1a: Lady Gaga|U-turn|p2a: Gararewl
|-resisted|p2a: Gararewl
|-damage|p2a: Gararewl|96\/100
|
|t:|1644764958
|switch|p1a: Jolly Roger|Navighast, M|305\/305
|move|p2a: Gararewl|Zen Headbutt|p1a: Jolly Roger
|-supereffective|p1a: Jolly Roger
|-damage|p1a: Jolly Roger|155\/305
|
|-heal|p2a: Gararewl|100\/100|[from] item: Leftovers
|upkeep
|turn|3
|
|t:|1644764986
|move|p1a: Jolly Roger|Superpower|p2a: Gararewl
|-supereffective|p2a: Gararewl
|-ability|p2a: Gararewl|Sturdy
|-damage|p2a: Gararewl|1\/100
|-unboost|p1a: Jolly Roger|atk|1
|-unboost|p1a: Jolly Roger|def|1
|-damage|p1a: Jolly Roger|125\/305|[from] item: Life Orb
|move|p2a: Gararewl|Brick Break|p1a: Jolly Roger
|-immune|p1a: Jolly Roger
|
|-heal|p2a: Gararewl|7\/100|[from] item: Leftovers
|-end|p2a: Gararewl|move: Taunt
|upkeep
|turn|4
|j|@101pokemon579
|
|t:|1644765037
|switch|p2a: Syrentide|Syrentide, F, shiny|100\/100
|move|p1a: Jolly Roger|Shadow Sneak|p2a: Syrentide
|-damage|p2a: Syrentide|89\/100
|-damage|p1a: Jolly Roger|95\/305|[from] item: Life Orb
|
|upkeep
|turn|5
|
|t:|1644765054
|switch|p1a: Lady Gaga|Whimsicott-Mega, F|301\/301
|move|p2a: Syrentide|Trick||[still]
|-fail|p2a: Syrentide
|
|upkeep
|turn|6
|
|t:|1644765077
|switch|p2a: Metalynx|Metalynx, F|100\/100
|move|p1a: Lady Gaga|Energy Ball|p2a: Metalynx
|-resisted|p2a: Metalynx
|-damage|p2a: Metalynx|91\/100
|
|upkeep
|turn|7
|
|t:|1644765098
|detailschange|p2a: Metalynx|Metalynx-Mega, F
|-mega|p2a: Metalynx|Metalynx|Metalynxite
|move|p1a: Lady Gaga|U-turn|p2a: Metalynx
|-damage|p2a: Metalynx|85\/100
|
|t:|1644765109
|switch|p1a: Hellboy|Beliaddon, M|381\/381
|move|p2a: Metalynx|Hidden Power|p1a: Hellboy
|-resisted|p1a: Hellboy
|-damage|p1a: Hellboy|363\/381
|
|upkeep
|turn|8
|
|t:|1644765131
|move|p2a: Metalynx|Protect|p2a: Metalynx
|-singleturn|p2a: Metalynx|Protect
|move|p1a: Hellboy|Infernal Blade|p2a: Metalynx
|-activate|p2a: Metalynx|move: Protect
|
|upkeep
|turn|9
|
|t:|1644765138
|switch|p2a: Syrentide|Syrentide, F, shiny|89\/100
|move|p1a: Hellboy|Infernal Blade|p2a: Syrentide
|-supereffective|p2a: Syrentide
|-damage|p2a: Syrentide|0 fnt
|-start|p1a: Hellboy|Attract|[from] ability: Cute Charm|[of] p2a: Syrentide
|faint|p2a: Syrentide
|-end|p1a: Hellboy|Attract|[silent]
|
|upkeep
|
|t:|1644765153
|switch|p2a: Duplicat|Duplicat, shiny|100\/100
|turn|10
|
|t:|1644765162
|switch|p1a: Lady Gaga|Whimsicott-Mega, F|301\/301
|move|p2a: Duplicat|Glare|p1a: Lady Gaga
|-status|p1a: Lady Gaga|par
|
|upkeep
|turn|11
|
|t:|1644765173
|move|p2a: Duplicat|Substitute|p2a: Duplicat
|-start|p2a: Duplicat|Substitute
|-damage|p2a: Duplicat|75\/100
|move|p1a: Lady Gaga|Moonblast|p2a: Duplicat
|-end|p2a: Duplicat|Substitute
|
|upkeep
|turn|12
|
|t:|1644765190
|move|p2a: Duplicat|Confuse Ray|p1a: Lady Gaga
|-start|p1a: Lady Gaga|confusion
|-activate|p1a: Lady Gaga|confusion
|-damage|p1a: Lady Gaga|282\/301 par|[from] confusion
|
|upkeep
|turn|13
|
|t:|1644765199
|switch|p2a: Gararewl|Gararewl, M|7\/100
|-activate|p1a: Lady Gaga|confusion
|-damage|p1a: Lady Gaga|265\/301 par|[from] confusion
|
|-heal|p2a: Gararewl|13\/100|[from] item: Leftovers
|upkeep
|turn|14
|
|t:|1644765217
|switch|p1a: Hello Kitty|Espeon, F|279\/279
|move|p2a: Gararewl|Stealth Rock|p1a: Hello Kitty
|move|p1a: Hello Kitty|Stealth Rock|p2a: Gararewl|[from]ability: Magic Bounce
|-sidestart|p2: ilikerubikscubes|move: Stealth Rock
|
|-heal|p2a: Gararewl|19\/100|[from] item: Leftovers
|upkeep
|turn|15
|j| fire bounce
|
|t:|1644765233
|move|p1a: Hello Kitty|Hidden Power|p2a: Gararewl
|-supereffective|p2a: Gararewl
|-damage|p2a: Gararewl|0 fnt
|faint|p2a: Gararewl
|
|upkeep
|
|t:|1644765244
|switch|p2a: Frosthra|Frosthra, F|100\/100
|-damage|p2a: Frosthra|50\/100|[from] Stealth Rock
|turn|16
|
|t:|1644765261
|move|p1a: Hello Kitty|Hidden Power|p2a: Frosthra
|-supereffective|p2a: Frosthra
|-damage|p2a: Frosthra|0 fnt
|faint|p2a: Frosthra
|
|upkeep
|
|t:|1644765269
|switch|p2a: Duplicat|Duplicat, shiny|75\/100
|-damage|p2a: Duplicat|63\/100|[from] Stealth Rock
|turn|17
|c|☆ilikerubikscubes|damn misclick
|
|t:|1644765297
|switch|p1a: Lady Gaga|Whimsicott-Mega, F|301\/301 par
|switch|p2a: Metalynx|Metalynx-Mega, F|85\/100
|-damage|p2a: Metalynx|79\/100|[from] Stealth Rock
|
|upkeep
|turn|18
|
|t:|1644765357
|switch|p1a: Hello Kitty|Espeon, F|279\/279
|move|p2a: Metalynx|Meteor Mash|p1a: Hello Kitty
|-damage|p1a: Hello Kitty|59\/279
|
|upkeep
|turn|19
|
|t:|1644765366
|move|p1a: Hello Kitty|Hidden Power|p2a: Metalynx
|-supereffective|p2a: Metalynx
|-damage|p2a: Metalynx|48\/100
|move|p2a: Metalynx|Meteor Mash|p1a: Hello Kitty
|-damage|p1a: Hello Kitty|0 fnt
|faint|p1a: Hello Kitty
|
|upkeep
|
|t:|1644765375
|switch|p1a: Hellboy|Beliaddon, M|363\/381
|turn|20
|
|t:|1644765381
|move|p2a: Metalynx|Protect|p2a: Metalynx
|-singleturn|p2a: Metalynx|Protect
|move|p1a: Hellboy|Infernal Blade|p2a: Metalynx
|-activate|p2a: Metalynx|move: Protect
|
|upkeep
|turn|21
|
|t:|1644765388
|switch|p2a: Duplicat|Duplicat, shiny|63\/100
|-damage|p2a: Duplicat|50\/100|[from] Stealth Rock
|move|p1a: Hellboy|Infernal Blade|p2a: Duplicat
|-damage|p2a: Duplicat|0 fnt
|faint|p2a: Duplicat
|
|upkeep
|
|t:|1644765395
|switch|p2a: Garlikid|Garlikid|100\/100
|-damage|p2a: Garlikid|94\/100|[from] Stealth Rock
|turn|22
|
|t:|1644765433
|switch|p1a: Jolly Roger|Navighast, M|95\/305
|move|p2a: Garlikid|Poison Jab|p1a: Jolly Roger
|-resisted|p1a: Jolly Roger
|-damage|p1a: Jolly Roger|29\/305
|-damage|p2a: Garlikid|84\/100|[from] item: Life Orb
|
|upkeep
|turn|23
|
|t:|1644765446
|move|p1a: Jolly Roger|Shadow Sneak|p2a: Garlikid
|-damage|p2a: Garlikid|55\/100
|-damage|p1a: Jolly Roger|0 fnt|[from] item: Life Orb
|faint|p1a: Jolly Roger
|move|p2a: Garlikid|Shadow Ball|p1: Jolly Roger|[notarget]
|-fail|p2a: Garlikid
|
|upkeep
|
|t:|1644765472
|switch|p1a: Rhaegar|Gyarados, M, shiny|347\/347
|turn|24
|
|t:|1644765494
|move|p1a: Rhaegar|Iron Head|p2a: Garlikid
|-damage|p2a: Garlikid|17\/100
|move|p2a: Garlikid|Energy Ball|p1a: Rhaegar
|-damage|p1a: Rhaegar|178\/347
|-damage|p2a: Garlikid|7\/100|[from] item: Life Orb
|
|upkeep
|turn|25
|
|t:|1644765510
|move|p1a: Rhaegar|Iron Head|p2a: Garlikid
|-damage|p2a: Garlikid|0 fnt
|faint|p2a: Garlikid
|-ability|p1a: Rhaegar|Moxie|boost
|-boost|p1a: Rhaegar|atk|1
|
|upkeep
|
|t:|1644765513
|switch|p2a: Metalynx|Metalynx-Mega, F|48\/100
|-damage|p2a: Metalynx|42\/100|[from] Stealth Rock
|turn|26
|
|t:|1644765519
|move|p1a: Rhaegar|Iron Head|p2a: Metalynx
|-resisted|p2a: Metalynx
|-damage|p2a: Metalynx|28\/100
|cant|p2a: Metalynx|flinch
|
|upkeep
|turn|27
|
|t:|1644765524
|move|p1a: Rhaegar|Iron Head|p2a: Metalynx
|-resisted|p2a: Metalynx
|-damage|p2a: Metalynx|16\/100
|move|p2a: Metalynx|Toxic|p1a: Rhaegar
|-status|p1a: Rhaegar|tox
|
|-damage|p1a: Rhaegar|157\/347 tox|[from] psn
|upkeep
|turn|28
|
|t:|1644765532
|move|p1a: Rhaegar|Iron Head|p2a: Metalynx
|-resisted|p2a: Metalynx
|-damage|p2a: Metalynx|2\/100
|move|p2a: Metalynx|Meteor Mash|p1a: Rhaegar
|-resisted|p1a: Rhaegar
|-damage|p1a: Rhaegar|74\/347 tox
|
|-damage|p1a: Rhaegar|32\/347 tox|[from] psn
|upkeep
|turn|29
|
|t:|1644765540
|move|p1a: Rhaegar|Iron Head|p2a: Metalynx
|-resisted|p2a: Metalynx
|-damage|p2a: Metalynx|0 fnt
|faint|p2a: Metalynx
|
|win|Andyv2.0
|c|☆ilikerubikscubes|ggs
|c|☆Andyv2.0|gg
|l|☆ilikerubikscubes
|l| fire bounce</script>
</div>
<div class="battle-log battle-log-inline"><div class="inner"><div class="battle-options"><div style="padding-top: 3px; padding-right: 3px; text-align: right"><button class="icon button" name="openBattleOptions" title="Options">Battle Options</button></div></div><div class="inner message-log"><div class="chat"><small>☆Andyv2.0 and ☆ilikerubikscubes joined</small></div><div class=""><small>Format:</small> <br><strong>[Gen 6] Gamma</strong></div><div class=""><small><em>Sleep Clause Mod:</em> Limit one foe put to sleep</small></div><div class=""><small><em>Species Clause:</em> Limit one of each Pokémon</small></div><div class=""><small><em>OHKO Clause:</em> OHKO moves are banned</small></div><div class=""><small><em>Moody Clause:</em> Moody is banned</small></div><div class=""><small><em>Evasion Moves Clause:</em> Evasion moves are banned</small></div><div class=""><small><em>Endless Battle Clause:</em> Forcing endless battles is banned</small></div><div class=""><small><em>HP Percentage Mod:</em> HP is shown in percentages</small></div><div class=""><small><em>Nuclear Clause Mod:</em> Non-Nuclear Pokémon can't use Nuclear-type moves</small></div><div class=""><small><em>Soft Baton Pass Mod:</em> Baton Pass doesn't pass positive stat boosts</small></div><div class="chat battle-history"><strong>Andyv2.0's team:</strong> <em style="color:#445566;display:block;">Beliaddon / Espeon / Navighast / Dermafrost / Gyarados / Whimsicott</em></div><div class="chat battle-history"><strong>ilikerubikscubes's team:</strong> <em style="color:#445566;display:block;">Syrentide / Metalynx / Garlikid / Duplicat / Frosthra / Gararewl</em></div><div class="chat"><small>@Tanamar joined</small></div><div class="chat chatmessage-andyv20 mine"><strong style="color:#c66e2f"><small>☆</small><span class="username" data-name="Andyv2.0">Andyv2.0</span>:</strong> <em>glhf</em></div><div class="chat chatmessage-ilikerubikscubes"><strong style="color:#806dd5"><small>☆</small><span class="username" data-name="ilikerubikscubes">ilikerubikscubes</span>:</strong> <em>glhf</em></div><div class="chat chatmessage-ilikerubikscubes"><strong style="color:#806dd5"><small>☆</small><span class="username" data-name="ilikerubikscubes">ilikerubikscubes</span>:</strong> <em>imma wait for some more people to join</em></div><div class="chat chatmessage-andyv20 mine"><strong style="color:#c66e2f"><small>☆</small><span class="username" data-name="Andyv2.0">Andyv2.0</span>:</strong> <em>That's fair.</em></div><div class="chat chatmessage-ilikerubikscubes"><strong style="color:#806dd5"><small>☆</small><span class="username" data-name="ilikerubikscubes">ilikerubikscubes</span>:</strong> <em>1 sec</em></div><div class="chat chatmessage-ilikerubikscubes"><strong style="color:#806dd5"><small>☆</small><span class="username" data-name="ilikerubikscubes">ilikerubikscubes</span>:</strong> <em>We might have to rechallenge, check Discord</em></div><div class="chat"><small>☆ilikerubikscubes left</small></div><div class="chat"><small>☆ilikerubikscubes joined</small></div><div class="chat chatmessage-andyv20 mine"><strong style="color:#c66e2f"><small>☆</small><span class="username" data-name="Andyv2.0">Andyv2.0</span>:</strong> <em>Are we done waiting for people to join still?</em></div><div class="chat chatmessage-ilikerubikscubes"><strong style="color:#806dd5"><small>☆</small><span class="username" data-name="ilikerubikscubes">ilikerubikscubes</span>:</strong> <em>That's on you really.</em></div><div class="chat chatmessage-ilikerubikscubes"><strong style="color:#806dd5"><small>☆</small><span class="username" data-name="ilikerubikscubes">ilikerubikscubes</span>:</strong> <em>I don't mind starting early.</em></div><div class="chat chatmessage-tanamar"><strong style="color:#a940c9"><small>@</small><span class="username" data-name="Tanamar">Tanamar</span>:</strong> <em>if they don't choose a name I don't think you can see spectators</em></div><div class="chat chatmessage-ilikerubikscubes"><strong style="color:#806dd5"><small>☆</small><span class="username" data-name="ilikerubikscubes">ilikerubikscubes</span>:</strong> <em>Alright, you wanna start?</em></div><div class="chat chatmessage-andyv20 mine"><strong style="color:#c66e2f"><small>☆</small><span class="username" data-name="Andyv2.0">Andyv2.0</span>:</strong> <em>I already chose my lead. I am ready.</em></div><div class="spacer battle-history"><br></div><div class="battle-history">Battle started between Andyv2.0 and ilikerubikscubes!<br></div><div class="spacer battle-history"><br></div><div class="battle-history">Go! Lady Gaga (<strong>Whimsicott</strong>)!<br></div><div class="spacer battle-history"><br></div><div class="battle-history">ilikerubikscubes sent out <strong>Gararewl</strong>!<br></div><div class="spacer battle-history"><br></div><h2 class="battle-history">Turn 1</h2><div class="spacer battle-history"><br></div><div class="battle-history"><small>Lady Gaga's Whimsicottite is reacting to Andyv2.0's Mega Bracelet!</small><br>Lady Gaga has Mega Evolved into Mega Whimsicott!<br></div><div class="spacer battle-history"><br></div><div class="battle-history">Lady Gaga used <strong>Taunt</strong>!<br></div><div class="battle-history"><small>The opposing Gararewl fell for the taunt!</small><br></div><div class="spacer battle-history"><br></div><div class="battle-history">The opposing Gararewl can't use Stealth Rock after the taunt!<br></div><div class="spacer battle-history"><br></div><h2 class="battle-history">Turn 2</h2><div class="spacer battle-history"><br></div><div class="battle-history">Lady Gaga used <strong>U-turn</strong>!<br></div><div class="battle-history"><small>It's not very effective...</small><br></div><div class="battle-history"><small>(The opposing Gararewl lost 4% of its health!)</small><br></div><div class="spacer battle-history"><br></div><div class="battle-history">Lady Gaga went back to Andyv2.0!<br></div><div class="battle-history">Go! Jolly Roger (<strong>Navighast</strong>)!<br></div><div class="spacer battle-history"><br></div><div class="battle-history">The opposing Gararewl used <strong>Zen Headbutt</strong>!<br></div><div class="battle-history"><small>It's super effective!</small><br></div><div class="battle-history"><small>(Jolly Roger lost <abbr title="−150/305">49.2%</abbr> of its health!)</small><br></div><div class="spacer battle-history"><br></div><div class="battle-history"><small>The opposing Gararewl restored a little HP using its Leftovers!</small><br></div><div class="spacer battle-history"><br></div><h2 class="battle-history">Turn 3</h2><div class="spacer battle-history"><br></div><div class="battle-history">Jolly Roger used <strong>Superpower</strong>!<br></div><div class="battle-history"><small>It's super effective!</small><br></div><div class="battle-history">[The opposing Gararewl's Sturdy]<br><small>The opposing Gararewl endured the hit!</small><br></div><div class="battle-history"><small>(The opposing Gararewl lost 99% of its health!)</small><br></div><div class="battle-history"><small>Jolly Roger's Attack fell!</small><br></div><div class="battle-history"><small>Jolly Roger's Defense fell!</small><br></div><div class="battle-history"><small>Jolly Roger lost some of its HP!</small><br></div><div class="spacer battle-history"><br></div><div class="battle-history">The opposing Gararewl used <strong>Brick Break</strong>!<br></div><div class="battle-history"><small>It doesn't affect Jolly Roger...</small><br></div><div class="spacer battle-history"><br></div><div class="battle-history"><small>The opposing Gararewl restored a little HP using its Leftovers!</small><br></div><div class="battle-history"><small>The opposing Gararewl shook off the taunt!</small><br></div><div class="spacer battle-history"><br></div><h2 class="battle-history">Turn 4</h2><div class="chat"><small>@101pokemon579 joined</small></div><div class="spacer battle-history"><br></div><div class="battle-history">ilikerubikscubes withdrew Gararewl!<br></div><div class="battle-history">ilikerubikscubes sent out <strong>Syrentide</strong>!<br></div><div class="spacer battle-history"><br></div><div class="battle-history">Jolly Roger used <strong>Shadow Sneak</strong>!<br></div><div class="battle-history"><small>(The opposing Syrentide lost 11% of its health!)</small><br></div><div class="battle-history"><small>Jolly Roger lost some of its HP!</small><br></div><div class="spacer battle-history"><br></div><h2 class="battle-history">Turn 5</h2><div class="spacer battle-history"><br></div><div class="battle-history">Jolly Roger, come back!<br></div><div class="battle-history">Go! Lady Gaga (<strong>Whimsicott-Mega</strong>)!<br></div><div class="spacer battle-history"><br></div><div class="battle-history">The opposing Syrentide used <strong>Trick</strong>!<br></div><div class="battle-history"><small>But it failed!</small><br></div><div class="spacer battle-history"><br></div><h2 class="battle-history">Turn 6</h2><div class="spacer battle-history"><br></div><div class="battle-history">ilikerubikscubes withdrew Syrentide!<br></div><div class="battle-history">ilikerubikscubes sent out <strong>Metalynx</strong>!<br></div><div class="spacer battle-history"><br></div><div class="battle-history">Lady Gaga used <strong>Energy Ball</strong>!<br></div><div class="battle-history"><small>It's not very effective...</small><br></div><div class="battle-history"><small>(The opposing Metalynx lost 9% of its health!)</small><br></div><div class="spacer battle-history"><br></div><h2 class="battle-history">Turn 7</h2><div class="spacer battle-history"><br></div><div class="battle-history"><small>The opposing Metalynx's Metalynxite is reacting to ilikerubikscubes's Mega Bracelet!</small><br>The opposing Metalynx has Mega Evolved into Mega Metalynx!<br></div><div class="spacer battle-history"><br></div><div class="battle-history">Lady Gaga used <strong>U-turn</strong>!<br></div><div class="battle-history"><small>(The opposing Metalynx lost 6% of its health!)</small><br></div><div class="spacer battle-history"><br></div><div class="battle-history">Lady Gaga went back to Andyv2.0!<br></div><div class="battle-history">Go! Hellboy (<strong>Beliaddon</strong>)!<br></div><div class="spacer battle-history"><br></div><div class="battle-history">The opposing Metalynx used <strong>Hidden Power</strong>!<br></div><div class="battle-history"><small>It's not very effective...</small><br></div><div class="battle-history"><small>(Hellboy lost <abbr title="−18/381">4.7%</abbr> of its health!)</small><br></div><div class="spacer battle-history"><br></div><h2 class="battle-history">Turn 8</h2><div class="spacer battle-history"><br></div><div class="battle-history">The opposing Metalynx used <strong>Protect</strong>!<br></div><div class="battle-history"><small>The opposing Metalynx protected itself!</small><br></div><div class="spacer battle-history"><br></div><div class="battle-history">Hellboy used <strong>Infernal Blade</strong>!<br></div><div class="battle-history"><small>The opposing Metalynx protected itself!</small><br></div><div class="spacer battle-history"><br></div><h2 class="battle-history">Turn 9</h2><div class="spacer battle-history"><br></div><div class="battle-history">ilikerubikscubes withdrew Metalynx!<br></div><div class="battle-history">ilikerubikscubes sent out <strong>Syrentide</strong>!<br></div><div class="spacer battle-history"><br></div><div class="battle-history">Hellboy used <strong>Infernal Blade</strong>!<br></div><div class="battle-history"><small>It's super effective!</small><br></div><div class="battle-history"><small>(The opposing Syrentide lost 89% of its health!)</small><br></div><div class="battle-history">[The opposing Syrentide's Cute Charm]<br><small>Hellboy fell in love!</small><br></div><div class="spacer battle-history"><br></div><div class="battle-history">The opposing Syrentide fainted!<br></div><div class="spacer battle-history"><br></div><div class="battle-history">ilikerubikscubes sent out <strong>Duplicat</strong>!<br></div><div class="spacer battle-history"><br></div><h2 class="battle-history">Turn 10</h2><div class="spacer battle-history"><br></div><div class="battle-history">Hellboy, come back!<br></div><div class="battle-history">Go! Lady Gaga (<strong>Whimsicott-Mega</strong>)!<br></div><div class="spacer battle-history"><br></div><div class="battle-history">The opposing Duplicat used <strong>Glare</strong>!<br></div><div class="battle-history"><small>Lady Gaga is paralyzed! It may be unable to move!</small><br></div><div class="spacer battle-history"><br></div><h2 class="battle-history">Turn 11</h2><div class="spacer battle-history"><br></div><div class="battle-history">The opposing Duplicat used <strong>Substitute</strong>!<br></div><div class="battle-history"><small>The opposing Duplicat put in a substitute!</small><br></div><div class="battle-history"><small>(The opposing Duplicat lost 25% of its health!)</small><br></div><div class="spacer battle-history"><br></div><div class="battle-history">Lady Gaga used <strong>Moonblast</strong>!<br></div><div class="battle-history"><small>The opposing Duplicat's substitute faded!</small><br></div><div class="spacer battle-history"><br></div><h2 class="battle-history">Turn 12</h2><div class="spacer battle-history"><br></div><div class="battle-history">The opposing Duplicat used <strong>Confuse Ray</strong>!<br></div><div class="battle-history"><small>Lady Gaga became confused!</small><br></div><div class="spacer battle-history"><br></div><div class="battle-history"><small>Lady Gaga is confused!</small><br></div><div class="battle-history">It hurt itself in its confusion!<br></div><div class="spacer battle-history"><br></div><h2 class="battle-history">Turn 13</h2><div class="spacer battle-history"><br></div><div class="battle-history">ilikerubikscubes withdrew Duplicat!<br></div><div class="battle-history">ilikerubikscubes sent out <strong>Gararewl</strong>!<br></div><div class="spacer battle-history"><br></div><div class="battle-history"><small>Lady Gaga is confused!</small><br></div><div class="battle-history">It hurt itself in its confusion!<br></div><div class="spacer battle-history"><br></div><div class="battle-history"><small>The opposing Gararewl restored a little HP using its Leftovers!</small><br></div><div class="spacer battle-history"><br></div><h2 class="battle-history">Turn 14</h2><div class="spacer battle-history"><br></div><div class="battle-history">Lady Gaga, come back!<br></div><div class="battle-history">Go! Hello Kitty (<strong>Espeon</strong>)!<br></div><div class="spacer battle-history"><br></div><div class="battle-history">The opposing Gararewl used <strong>Stealth Rock</strong>!<br></div><div class="spacer battle-history"><br></div><div class="battle-history">[Hello Kitty's Magic Bounce]<br>Hello Kitty bounced the Stealth Rock back!<br></div><div class="battle-history"><small>Pointed stones float in the air around the opposing team!</small><br></div><div class="spacer battle-history"><br></div><div class="battle-history"><small>The opposing Gararewl restored a little HP using its Leftovers!</small><br></div><div class="spacer battle-history"><br></div><h2 class="battle-history">Turn 15</h2><div class="chat"><small> fire bounce joined</small></div><div class="spacer battle-history"><br></div><div class="battle-history">Hello Kitty used <strong>Hidden Power</strong>!<br></div><div class="battle-history"><small>It's super effective!</small><br></div><div class="battle-history"><small>(The opposing Gararewl lost 19% of its health!)</small><br></div><div class="spacer battle-history"><br></div><div class="battle-history">The opposing Gararewl fainted!<br></div><div class="spacer battle-history"><br></div><div class="battle-history">ilikerubikscubes sent out <strong>Frosthra</strong>!<br></div><div class="battle-history"><small>Pointed stones dug into the opposing Frosthra!</small><br></div><div class="spacer battle-history"><br></div><h2 class="battle-history">Turn 16</h2><div class="spacer battle-history"><br></div><div class="battle-history">Hello Kitty used <strong>Hidden Power</strong>!<br></div><div class="battle-history"><small>It's super effective!</small><br></div><div class="battle-history"><small>(The opposing Frosthra lost 50% of its health!)</small><br></div><div class="spacer battle-history"><br></div><div class="battle-history">The opposing Frosthra fainted!<br></div><div class="spacer battle-history"><br></div><div class="battle-history">ilikerubikscubes sent out <strong>Duplicat</strong>!<br></div><div class="battle-history"><small>Pointed stones dug into the opposing Duplicat!</small><br></div><div class="spacer battle-history"><br></div><h2 class="battle-history">Turn 17</h2><div class="chat chatmessage-ilikerubikscubes"><strong style="color:#806dd5"><small>☆</small><span class="username" data-name="ilikerubikscubes">ilikerubikscubes</span>:</strong> <em>damn misclick</em></div><div class="spacer battle-history"><br></div><div class="battle-history">Hello Kitty, come back!<br></div><div class="battle-history">Go! Lady Gaga (<strong>Whimsicott-Mega</strong>)!<br></div><div class="spacer battle-history"><br></div><div class="battle-history">ilikerubikscubes withdrew Duplicat!<br></div><div class="battle-history">ilikerubikscubes sent out Metalynx (<strong>Metalynx-Mega</strong>)!<br></div><div class="battle-history"><small>Pointed stones dug into the opposing Metalynx!</small><br></div><div class="spacer battle-history"><br></div><h2 class="battle-history">Turn 18</h2><div class="spacer battle-history"><br></div><div class="battle-history">Lady Gaga, come back!<br></div><div class="battle-history">Go! Hello Kitty (<strong>Espeon</strong>)!<br></div><div class="spacer battle-history"><br></div><div class="battle-history">The opposing Metalynx used <strong>Meteor Mash</strong>!<br></div><div class="battle-history"><small>(Hello Kitty lost <abbr title="−220/279">78.9%</abbr> of its health!)</small><br></div><div class="spacer battle-history"><br></div><h2 class="battle-history">Turn 19</h2><div class="spacer battle-history"><br></div><div class="battle-history">Hello Kitty used <strong>Hidden Power</strong>!<br></div><div class="battle-history"><small>It's super effective!</small><br></div><div class="battle-history"><small>(The opposing Metalynx lost 31% of its health!)</small><br></div><div class="spacer battle-history"><br></div><div class="battle-history">The opposing Metalynx used <strong>Meteor Mash</strong>!<br></div><div class="battle-history"><small>(Hello Kitty lost <abbr title="−59/279">21.1%</abbr> of its health!)</small><br></div><div class="spacer battle-history"><br></div><div class="battle-history">Hello Kitty fainted!<br></div><div class="spacer battle-history"><br></div><div class="battle-history">Go! Hellboy (<strong>Beliaddon</strong>)!<br></div><div class="spacer battle-history"><br></div><h2 class="battle-history">Turn 20</h2><div class="spacer battle-history"><br></div><div class="battle-history">The opposing Metalynx used <strong>Protect</strong>!<br></div><div class="battle-history"><small>The opposing Metalynx protected itself!</small><br></div><div class="spacer battle-history"><br></div><div class="battle-history">Hellboy used <strong>Infernal Blade</strong>!<br></div><div class="battle-history"><small>The opposing Metalynx protected itself!</small><br></div><div class="spacer battle-history"><br></div><h2 class="battle-history">Turn 21</h2><div class="spacer battle-history"><br></div><div class="battle-history">ilikerubikscubes withdrew Metalynx!<br></div><div class="battle-history">ilikerubikscubes sent out <strong>Duplicat</strong>!<br></div><div class="battle-history"><small>Pointed stones dug into the opposing Duplicat!</small><br></div><div class="spacer battle-history"><br></div><div class="battle-history">Hellboy used <strong>Infernal Blade</strong>!<br></div><div class="battle-history"><small>(The opposing Duplicat lost 50% of its health!)</small><br></div><div class="spacer battle-history"><br></div><div class="battle-history">The opposing Duplicat fainted!<br></div><div class="spacer battle-history"><br></div><div class="battle-history">ilikerubikscubes sent out <strong>Garlikid</strong>!<br></div><div class="battle-history"><small>Pointed stones dug into the opposing Garlikid!</small><br></div><div class="spacer battle-history"><br></div><h2 class="battle-history">Turn 22</h2><div class="spacer battle-history"><br></div><div class="battle-history">Hellboy, come back!<br></div><div class="battle-history">Go! Jolly Roger (<strong>Navighast</strong>)!<br></div><div class="spacer battle-history"><br></div><div class="battle-history">The opposing Garlikid used <strong>Poison Jab</strong>!<br></div><div class="battle-history"><small>It's not very effective...</small><br></div><div class="battle-history"><small>(Jolly Roger lost <abbr title="−66/305">21.6%</abbr> of its health!)</small><br></div><div class="battle-history"><small>The opposing Garlikid lost some of its HP!</small><br></div><div class="spacer battle-history"><br></div><h2 class="battle-history">Turn 23</h2><div class="spacer battle-history"><br></div><div class="battle-history">Jolly Roger used <strong>Shadow Sneak</strong>!<br></div><div class="battle-history"><small>(The opposing Garlikid lost 29% of its health!)</small><br></div><div class="battle-history"><small>Jolly Roger lost some of its HP!</small><br></div><div class="spacer battle-history"><br></div><div class="battle-history">Jolly Roger fainted!<br></div><div class="battle-history">The opposing Garlikid used <strong>Shadow Ball</strong>!<br></div><div class="battle-history"><small>But it failed!</small><br></div><div class="spacer battle-history"><br></div><div class="battle-history">Go! Rhaegar (<strong>Gyarados</strong>)!<br></div><div class="spacer battle-history"><br></div><h2 class="battle-history">Turn 24</h2><div class="spacer battle-history"><br></div><div class="battle-history">Rhaegar used <strong>Iron Head</strong>!<br></div><div class="battle-history"><small>(The opposing Garlikid lost 38% of its health!)</small><br></div><div class="spacer battle-history"><br></div><div class="battle-history">The opposing Garlikid used <strong>Energy Ball</strong>!<br></div><div class="battle-history"><small>(Rhaegar lost <abbr title="−169/347">48.7%</abbr> of its health!)</small><br></div><div class="battle-history"><small>The opposing Garlikid lost some of its HP!</small><br></div><div class="spacer battle-history"><br></div><h2 class="battle-history">Turn 25</h2><div class="spacer battle-history"><br></div><div class="battle-history">Rhaegar used <strong>Iron Head</strong>!<br></div><div class="battle-history"><small>(The opposing Garlikid lost 7% of its health!)</small><br></div><div class="spacer battle-history"><br></div><div class="battle-history">The opposing Garlikid fainted!<br></div><div class="battle-history">[Rhaegar's Moxie]<br></div><div class="battle-history"><small>Rhaegar's Attack rose!</small><br></div><div class="spacer battle-history"><br></div><div class="battle-history">ilikerubikscubes sent out Metalynx (<strong>Metalynx-Mega</strong>)!<br></div><div class="battle-history"><small>Pointed stones dug into the opposing Metalynx!</small><br></div><div class="spacer battle-history"><br></div><h2 class="battle-history">Turn 26</h2><div class="spacer battle-history"><br></div><div class="battle-history">Rhaegar used <strong>Iron Head</strong>!<br></div><div class="battle-history"><small>It's not very effective...</small><br></div><div class="battle-history"><small>(The opposing Metalynx lost 14% of its health!)</small><br></div><div class="spacer battle-history"><br></div><div class="battle-history">The opposing Metalynx flinched and couldn't move!<br></div><div class="spacer battle-history"><br></div><h2 class="battle-history">Turn 27</h2><div class="spacer battle-history"><br></div><div class="battle-history">Rhaegar used <strong>Iron Head</strong>!<br></div><div class="battle-history"><small>It's not very effective...</small><br></div><div class="battle-history"><small>(The opposing Metalynx lost 12% of its health!)</small><br></div><div class="spacer battle-history"><br></div><div class="battle-history">The opposing Metalynx used <strong>Toxic</strong>!<br></div><div class="battle-history"><small>Rhaegar was badly poisoned!</small><br></div><div class="spacer battle-history"><br></div><div class="battle-history"><small>Rhaegar was hurt by poison!</small><br></div><div class="spacer battle-history"><br></div><h2 class="battle-history">Turn 28</h2><div class="spacer battle-history"><br></div><div class="battle-history">Rhaegar used <strong>Iron Head</strong>!<br></div><div class="battle-history"><small>It's not very effective...</small><br></div><div class="battle-history"><small>(The opposing Metalynx lost 14% of its health!)</small><br></div><div class="spacer battle-history"><br></div><div class="battle-history">The opposing Metalynx used <strong>Meteor Mash</strong>!<br></div><div class="battle-history"><small>It's not very effective...</small><br></div><div class="battle-history"><small>(Rhaegar lost <abbr title="−83/347">23.9%</abbr> of its health!)</small><br></div><div class="spacer battle-history"><br></div><div class="battle-history"><small>Rhaegar was hurt by poison!</small><br></div><div class="spacer battle-history"><br></div><h2 class="battle-history">Turn 29</h2><div class="spacer battle-history"><br></div><div class="battle-history">Rhaegar used <strong>Iron Head</strong>!<br></div><div class="battle-history"><small>It's not very effective...</small><br></div><div class="battle-history"><small>(The opposing Metalynx lost 2% of its health!)</small><br></div><div class="spacer battle-history"><br></div><div class="battle-history">The opposing Metalynx fainted!<br></div><div class="spacer battle-history"><br></div><div class="battle-history"><strong>Andyv2.0</strong> won the battle!<br></div><div class="chat chatmessage-ilikerubikscubes"><strong style="color:#806dd5"><small>☆</small><span class="username" data-name="ilikerubikscubes">ilikerubikscubes</span>:</strong> <em>ggs</em></div><div class="chat chatmessage-andyv20 mine"><strong style="color:#c66e2f"><small>☆</small><span class="username" data-name="Andyv2.0">Andyv2.0</span>:</strong> <em>gg</em></div><div class="chat"><small>☆ilikerubikscubes and  fire bounce left</small></div></div><div class="inner-preempt message-log"></div></div></div>
</div>
<script>
let daily = Math.floor(Date.now()/1000/60/60/24);document.write('<script src="https://cdn.jsdelivr.net/gh/eriedaberrie/pokemon-showdown-client@master/js/replay-embed.template.js?version'+daily+'" onerror="let defaultscript = document.createElement(\'script\'); defaultscript.src = \'https://play.pokemonshowdown.com/js/replay-embed.template.js?version\'+daily; defaultscript.onload = function () {alert(\'Custom Uranium script failed to load, defaulted to regular showdown graphics.\');}; document.head.appendChild(defaultscript);"></'+'script>');
</script>
<script async src='/cdn-cgi/bm/cv/669835187/api.js'></script><script type="text/javascript">(function(){window['__CF$cv$params']={r:'6dd0a1bc4b387af6',m:'HB.Pv7pohJgrwpyumP1c3EMBMl6BIzBmzv5Cz9eEjV8-1644782309-0-ASvAxVqxQaXiUcg6CKsIgm5/sTyKFeJxvl2xe8JNCVCdxFMhKTVcOpBRkS4obucq3JCVqN30zC9DoTfK0DWeiK4WbuDLcA2ZPUUW4tDebFh/FQM/i3dv0/Hq/i59peWPpzaY9f+1uHg4kqv+YkWUBPt+4UdmmDqS4PrZoOG71465VLywj1WsOkneKxYAvajbf/0fQKABLHLCLSGsX/10rCFKGZy1TOK44h2Z6gLWIto4kmZr0QIEqnPZl3S7VlueNQ==',s:[0x85a1ecc432,0x35817a5265],}})();</script>