<!DOCTYPE html>
<meta charset="utf-8" />
<!-- version 1 -->
<title>[Gen 6] Gamma replay: pikakip379 vs. ilikerubikscubes</title>
<style>
html,body {font-family:Verdana, sans-serif;font-size:10pt;margin:0;padding:0;}body{padding:12px 0;} .battle-log {font-family:Verdana, sans-serif;font-size:10pt;} .battle-log-inline {border:1px solid #AAAAAA;background:#EEF2F5;color:black;max-width:640px;margin:0 auto 80px;padding-bottom:5px;} .battle-log .inner {padding:4px 8px 0px 8px;} .battle-log .inner-preempt {padding:0 8px 4px 8px;} .battle-log .inner-after {margin-top:0.5em;} .battle-log h2 {margin:0.5em -8px;padding:4px 8px;border:1px solid #AAAAAA;background:#E0E7EA;border-left:0;border-right:0;font-family:Verdana, sans-serif;font-size:13pt;} .battle-log .chat {vertical-align:middle;padding:3px 0 3px 0;font-size:8pt;} .battle-log .chat strong {color:#40576A;} .battle-log .chat em {padding:1px 4px 1px 3px;color:#000000;font-style:normal;} .chat.mine {background:rgba(0,0,0,0.05);margin-left:-8px;margin-right:-8px;padding-left:8px;padding-right:8px;} .spoiler {color:#BBBBBB;background:#BBBBBB;padding:0px 3px;} .spoiler:hover, .spoiler:active, .spoiler-shown {color:#000000;background:#E2E2E2;padding:0px 3px;} .spoiler a {color:#BBBBBB;} .spoiler:hover a, .spoiler:active a, .spoiler-shown a {color:#2288CC;} .chat code, .chat .spoiler:hover code, .chat .spoiler:active code, .chat .spoiler-shown code {border:1px solid #C0C0C0;background:#EEEEEE;color:black;padding:0 2px;} .chat .spoiler code {border:1px solid #CCCCCC;background:#CCCCCC;color:#CCCCCC;} .battle-log .rated {padding:3px 4px;} .battle-log .rated strong {color:white;background:#89A;padding:1px 4px;border-radius:4px;} .spacer {margin-top:0.5em;} .message-announce {background:#6688AA;color:white;padding:1px 4px 2px;} .message-announce a, .broadcast-green a, .broadcast-blue a, .broadcast-red a {color:#DDEEFF;} .broadcast-green {background-color:#559955;color:white;padding:2px 4px;} .broadcast-blue {background-color:#6688AA;color:white;padding:2px 4px;} .infobox {border:1px solid #6688AA;padding:2px 4px;} .infobox-limited {max-height:200px;overflow:auto;overflow-x:hidden;} .broadcast-red {background-color:#AA5544;color:white;padding:2px 4px;} .message-learn-canlearn {font-weight:bold;color:#228822;text-decoration:underline;} .message-learn-cannotlearn {font-weight:bold;color:#CC2222;text-decoration:underline;} .message-effect-weak {font-weight:bold;color:#CC2222;} .message-effect-resist {font-weight:bold;color:#6688AA;} .message-effect-immune {font-weight:bold;color:#666666;} .message-learn-list {margin-top:0;margin-bottom:0;} .message-throttle-notice, .message-error {color:#992222;} .message-overflow, .chat small.message-overflow {font-size:0pt;} .message-overflow::before {font-size:9pt;content:'...';} .subtle {color:#3A4A66;}
</style>
<div class="wrapper replay-wrapper" style="max-width:1180px;margin:0 auto">
<input type="hidden" name="replayid" value="unregisteredserver-gen6gamma-591" />
<div class="battle"></div><div class="battle-log"></div><div class="replay-controls"></div><div class="replay-controls-2"></div>
<h1 style="font-weight:normal;text-align:center"><strong>[Gen 6] Gamma</strong><br /><a href="http://pokemonshowdown.com/users/pikakip379" class="subtle" target="_blank">pikakip379</a> vs. <a href="http://pokemonshowdown.com/users/ilikerubikscubes" class="subtle" target="_blank">ilikerubikscubes</a></h1>
<script type="text/plain" class="battle-log-data">|j|☆pikakip379
|j|☆ilikerubikscubes

|t:|1646920698
|gametype|singles
|player|p1|pikakip379|vitor|
|player|p2|ilikerubikscubes|namininja|
|teamsize|p1|6
|teamsize|p2|6
|gen|6
|tier|[Gen 6] Gamma
|rule|Sleep Clause Mod: Limit one foe put to sleep
|rule|Species Clause: Limit one of each Pokémon
|rule|OHKO Clause: OHKO moves are banned
|rule|Moody Clause: Moody is banned
|rule|Evasion Moves Clause: Evasion moves are banned
|rule|Endless Battle Clause: Forcing endless battles is banned
|rule|HP Percentage Mod: HP is shown in percentages
|rule|Nuclear Clause Mod: Non-Nuclear Pokémon can't use Nuclear-type moves
|rule|Soft Baton Pass Mod: Baton Pass doesn't pass positive stat boosts
|clearpoke
|poke|p1|Arbok, M|item
|poke|p1|Pajay, F|item
|poke|p1|Hazma|item
|poke|p1|Nimflora, F|item
|poke|p1|Barand, M|item
|poke|p1|Metalynx, F|item
|poke|p2|Syrentide, F|item
|poke|p2|Metalynx, F|item
|poke|p2|Majungold, M|item
|poke|p2|Duplicat|item
|poke|p2|Tracton|item
|poke|p2|Gararewl, F|item
|teampreview
|j| awesome Hornet
|j| Andyv2.0
|
|t:|1646920782
|start
|switch|p1a: Hazama|Hazma|100\/100
|switch|p2a: Punchy Boi|Majungold, M, shiny|454\/454
|turn|1
|
|t:|1646920807
|move|p2a: Punchy Boi|Poison Jab|p1a: Hazama
|-supereffective|p1a: Hazama
|-damage|p1a: Hazama|42\/100
|-enditem|p1a: Hazama|Weakness Policy
|-boost|p1a: Hazama|atk|2|[from] item: Weakness Policy
|-boost|p1a: Hazama|spa|2|[from] item: Weakness Policy
|move|p1a: Hazama|Trick Room|p1a: Hazama
|-fieldstart|move: Trick Room|[of] p1a: Hazama
|
|upkeep
|turn|2
|
|t:|1646920831
|move|p1a: Hazama|Expunge|p2a: Punchy Boi|[miss]
|-miss|p1a: Hazama|p2a: Punchy Boi
|move|p2a: Punchy Boi|Poison Jab|p1a: Hazama
|-supereffective|p1a: Hazama
|-damage|p1a: Hazama|0 fnt
|faint|p1a: Hazama
|
|upkeep
|c|☆pikakip379|NO
|c|☆ilikerubikscubes|rip
|
|t:|1646920844
|switch|p1a: Kity|Metalynx, F, shiny|100\/100
|turn|3
|c|☆ilikerubikscubes|frick i have a wrong move
|
|t:|1646920855
|move|p2a: Punchy Boi|Drain Punch|p1a: Kity
|-supereffective|p1a: Kity
|-damage|p1a: Kity|39\/100
|-damage|p2a: Punchy Boi|379\/454|[from] item: Rocky Helmet|[of] p1a: Kity
|move|p1a: Kity|Meteor Mash|p2a: Punchy Boi
|-supereffective|p2a: Punchy Boi
|-damage|p2a: Punchy Boi|139\/454
|
|upkeep
|turn|4
|
|t:|1646920865
|switch|p1a: UI Purple Guy|Arbok, M|100\/100
|-ability|p1a: UI Purple Guy|Intimidate|boost
|-fail|p2a: Punchy Boi|unboost|[from] ability: Clear Body|[of] p2a: Punchy Boi
|move|p2a: Punchy Boi|Drain Punch|p1a: UI Purple Guy
|-resisted|p1a: UI Purple Guy
|-damage|p1a: UI Purple Guy|60\/100
|-heal|p2a: Punchy Boi|192\/454|[from] drain|[of] p1a: UI Purple Guy
|
|upkeep
|turn|5
|
|t:|1646920877
|detailschange|p1a: UI Purple Guy|Arbok-Mega, M
|-mega|p1a: UI Purple Guy|Arbok|Arbokite
|-ability|p1a: UI Purple Guy|Petrify|boost
|-fail|p2a: Punchy Boi|unboost|[from] ability: Clear Body|[of] p2a: Punchy Boi
|move|p2a: Punchy Boi|Earthquake|p1a: UI Purple Guy
|-supereffective|p1a: UI Purple Guy
|-damage|p1a: UI Purple Guy|0 fnt
|faint|p1a: UI Purple Guy
|
|-fieldend|move: Trick Room
|upkeep
|
|t:|1646920893
|switch|p1a: Kiara|Pajay, F|100\/100
|turn|6
|c|~|\/raw <div class="infobox">Majungold (ignoring abilities):<br \/><span class="message-effect-weak">Weaknesses<\/span>: Fairy, Fighting, Grass, Ground, Psychic, Steel, Water, <b>Nuclear<\/b><br \/><span class="message-effect-resist">Resistances<\/span>: Dark, Bug, Fire, Normal, Poison, Rock<br \/><span class="message-effect-immune">Immunities<\/span>: Sandstorm damage<\/div>
|
|t:|1646920909
|move|p1a: Kiara|Trick|p2a: Punchy Boi
|-activate|p1a: Kiara|move: Trick|[of] p2a: Punchy Boi
|-item|p2a: Punchy Boi|Choice Scarf|[from] move: Trick
|-item|p1a: Kiara|Assault Vest|[from] move: Trick
|move|p2a: Punchy Boi|Poison Jab|p1a: Kiara
|-damage|p1a: Kiara|47\/100
|
|upkeep
|turn|7
|
|t:|1646920931
|switch|p1a: Kity|Metalynx, F, shiny|39\/100
|switch|p2a: Horsey|Gararewl, F|291\/291
|
|upkeep
|turn|8
|
|t:|1646920937
|move|p1a: Kity|Earthquake|p2a: Horsey
|-supereffective|p2a: Horsey
|-damage|p2a: Horsey|197\/291
|move|p2a: Horsey|Stealth Rock|p1a: Kity
|-sidestart|p1: pikakip379|move: Stealth Rock
|
|-heal|p2a: Horsey|215\/291|[from] item: Leftovers
|upkeep
|turn|9
|
|t:|1646920943
|move|p1a: Kity|Synthesis|p1a: Kity
|-heal|p1a: Kity|89\/100
|move|p2a: Horsey|Brick Break|p1a: Kity
|-supereffective|p1a: Kity
|-damage|p1a: Kity|67\/100
|-damage|p2a: Horsey|167\/291|[from] item: Rocky Helmet|[of] p1a: Kity
|
|-heal|p2a: Horsey|185\/291|[from] item: Leftovers
|upkeep
|turn|10
|
|t:|1646920957
|switch|p2a: It is what it is|Duplicat, shiny|320\/320
|move|p1a: Kity|Earthquake|p2a: It is what it is
|-damage|p2a: It is what it is|202\/320
|
|upkeep
|turn|11
|c|~|\/raw <div class="infobox">Metalynx (ignoring abilities):<br \/><span class="message-effect-weak">Weaknesses<\/span>: Fighting, <b>Fire<\/b><br \/><span class="message-effect-resist">Resistances<\/span>: Dragon, Electric, Fairy, <b>Grass<\/b>, Normal, Psychic, Rock, Steel, Water<br \/><span class="message-effect-immune">Immunities<\/span>: Poison, Powder moves, Sandstorm damage, Toxic<\/div>
|
|t:|1646920980
|move|p2a: It is what it is|Glare|p1a: Kity
|-status|p1a: Kity|par
|move|p1a: Kity|Leaf Blade|p2a: It is what it is
|-damage|p2a: It is what it is|49\/320
|
|upkeep
|turn|12
|
|t:|1646920990
|move|p2a: It is what it is|Confuse Ray|p1a: Kity
|-start|p1a: Kity|confusion
|-activate|p1a: Kity|confusion
|-damage|p1a: Kity|61\/100 par|[from] confusion
|
|upkeep
|turn|13
|
|t:|1646921003
|switch|p2a: Funni Truck|Tracton|312\/312
|-activate|p1a: Kity|confusion
|move|p1a: Kity|Earthquake|p2a: Funni Truck
|-supereffective|p2a: Funni Truck
|-damage|p2a: Funni Truck|122\/312
|
|upkeep
|turn|14
|
|t:|1646921020
|move|p2a: Funni Truck|Knock Off|p1a: Kity
|-damage|p1a: Kity|42\/100 par
|-damage|p2a: Funni Truck|70\/312|[from] item: Rocky Helmet|[of] p1a: Kity
|-enditem|p1a: Kity|Rocky Helmet|[from] move: Knock Off|[of] p2a: Funni Truck
|-activate|p1a: Kity|confusion
|-damage|p1a: Kity|35\/100 par|[from] confusion
|
|-ability|p2a: Funni Truck|Speed Boost|boost
|-boost|p2a: Funni Truck|spe|1
|upkeep
|turn|15
|
|t:|1646921040
|move|p2a: Funni Truck|Swords Dance|p2a: Funni Truck
|-boost|p2a: Funni Truck|atk|2
|-end|p1a: Kity|confusion
|move|p1a: Kity|Synthesis|p1a: Kity
|-heal|p1a: Kity|85\/100 par
|
|-ability|p2a: Funni Truck|Speed Boost|boost
|-boost|p2a: Funni Truck|spe|1
|upkeep
|turn|16
|
|t:|1646921050
|move|p2a: Funni Truck|Dragon Claw|p1a: Kity
|-resisted|p1a: Kity
|-damage|p1a: Kity|59\/100 par
|cant|p1a: Kity|par
|
|-ability|p2a: Funni Truck|Speed Boost|boost
|-boost|p2a: Funni Truck|spe|1
|upkeep
|turn|17
|
|t:|1646921080
|switch|p2a: dddddddddd|Syrentide, F, shiny|338\/338
|move|p1a: Kity|Earthquake|p2a: dddddddddd
|-damage|p2a: dddddddddd|278\/338
|
|-heal|p2a: dddddddddd|299\/338|[from] item: Leftovers
|upkeep
|turn|18
|
|t:|1646921097
|switch|p2a: It is what it is|Duplicat, shiny|49\/320
|cant|p1a: Kity|par
|
|upkeep
|turn|19
|
|t:|1646921103
|move|p2a: It is what it is|Confuse Ray|p1a: Kity
|-start|p1a: Kity|confusion
|-activate|p1a: Kity|confusion
|-damage|p1a: Kity|54\/100 par|[from] confusion
|
|upkeep
|turn|20
|
|t:|1646921123
|switch|p2a: Horsey|Gararewl, F|185\/291
|-end|p1a: Kity|confusion
|cant|p1a: Kity|par
|
|-heal|p2a: Horsey|203\/291|[from] item: Leftovers
|upkeep
|turn|21
|
|t:|1646921135
|move|p2a: Horsey|Brick Break|p1a: Kity
|-supereffective|p1a: Kity
|-damage|p1a: Kity|29\/100 par
|cant|p1a: Kity|par
|
|-heal|p2a: Horsey|221\/291|[from] item: Leftovers
|upkeep
|turn|22
|
|t:|1646921142
|switch|p1a: Hood Classic|Nimflora, F, shiny|100\/100
|-damage|p1a: Hood Classic|76\/100|[from] Stealth Rock
|move|p2a: Horsey|Brick Break|p1a: Hood Classic
|-resisted|p1a: Hood Classic
|-damage|p1a: Hood Classic|70\/100
|
|-heal|p2a: Horsey|239\/291|[from] item: Leftovers
|upkeep
|turn|23
|
|t:|1646921150
|move|p1a: Hood Classic|Quiver Dance|p1a: Hood Classic
|-boost|p1a: Hood Classic|spa|1
|-boost|p1a: Hood Classic|spd|1
|-boost|p1a: Hood Classic|spe|1
|move|p2a: Horsey|Zen Headbutt|p1a: Hood Classic
|-damage|p1a: Hood Classic|42\/100
|
|-heal|p2a: Horsey|257\/291|[from] item: Leftovers
|upkeep
|turn|24
|
|t:|1646921158
|move|p1a: Hood Classic|Sleep Powder|p2a: Horsey
|-status|p2a: Horsey|slp|[from] move: Sleep Powder
|cant|p2a: Horsey|slp
|
|-heal|p2a: Horsey|275\/291 slp|[from] item: Leftovers
|upkeep
|turn|25
|
|t:|1646921165
|move|p1a: Hood Classic|Quiver Dance|p1a: Hood Classic
|-boost|p1a: Hood Classic|spa|1
|-boost|p1a: Hood Classic|spd|1
|-boost|p1a: Hood Classic|spe|1
|cant|p2a: Horsey|slp
|
|-heal|p2a: Horsey|291\/291 slp|[from] item: Leftovers
|upkeep
|turn|26
|
|t:|1646921172
|move|p1a: Hood Classic|Quiver Dance|p1a: Hood Classic
|-boost|p1a: Hood Classic|spa|1
|-boost|p1a: Hood Classic|spd|1
|-boost|p1a: Hood Classic|spe|1
|-curestatus|p2a: Horsey|slp|[msg]
|move|p2a: Horsey|Zen Headbutt|p1a: Hood Classic
|-damage|p1a: Hood Classic|14\/100
|
|upkeep
|turn|27
|
|t:|1646921179
|move|p1a: Hood Classic|Sleep Powder|p2a: Horsey
|-status|p2a: Horsey|slp|[from] move: Sleep Powder
|cant|p2a: Horsey|slp
|
|upkeep
|turn|28
|
|t:|1646921184
|move|p1a: Hood Classic|Quiver Dance|p1a: Hood Classic
|-boost|p1a: Hood Classic|spa|1
|-boost|p1a: Hood Classic|spd|1
|-boost|p1a: Hood Classic|spe|1
|cant|p2a: Horsey|slp
|
|upkeep
|turn|29
|
|t:|1646921191
|move|p1a: Hood Classic|Giga Drain|p2a: Horsey
|-resisted|p2a: Horsey
|-damage|p2a: Horsey|202\/291 slp
|-heal|p1a: Hood Classic|29\/100|[from] drain|[of] p2a: Horsey
|-curestatus|p2a: Horsey|slp|[msg]
|move|p2a: Horsey|Zen Headbutt|p1a: Hood Classic
|-damage|p1a: Hood Classic|3\/100
|
|-heal|p2a: Horsey|220\/291|[from] item: Leftovers
|upkeep
|turn|30
|
|t:|1646921199
|move|p1a: Hood Classic|Moonblast|p2a: Horsey
|-resisted|p2a: Horsey
|-damage|p2a: Horsey|48\/291
|move|p2a: Horsey|Zen Headbutt|p1a: Hood Classic
|-damage|p1a: Hood Classic|0 fnt
|faint|p1a: Hood Classic
|
|-heal|p2a: Horsey|66\/291|[from] item: Leftovers
|upkeep
|
|t:|1646921213
|switch|p1a: Kiara|Pajay, F|47\/100
|-damage|p1a: Kiara|0 fnt|[from] Stealth Rock
|faint|p1a: Kiara
|
|t:|1646921221
|switch|p1a: Kity|Metalynx, F, shiny|29\/100 par
|-damage|p1a: Kity|23\/100 par|[from] Stealth Rock
|turn|31
|j|@Jabuloso
|
|t:|1646921225
|move|p2a: Horsey|Brick Break|p1a: Kity
|-supereffective|p1a: Kity
|-damage|p1a: Kity|0 fnt
|faint|p1a: Kity
|
|-heal|p2a: Horsey|84\/291|[from] item: Leftovers
|upkeep
|
|t:|1646921236
|switch|p1a: KILL|Barand, M|100\/100
|-damage|p1a: KILL|88\/100|[from] Stealth Rock
|turn|32
|
|t:|1646921242
|switch|p2a: dddddddddd|Syrentide, F, shiny|299\/338
|move|p1a: KILL|Extreme Speed|p2a: dddddddddd
|-damage|p2a: dddddddddd|160\/338
|-start|p1a: KILL|Attract|[from] ability: Cute Charm|[of] p2a: dddddddddd
|
|-heal|p2a: dddddddddd|181\/338|[from] item: Leftovers
|upkeep
|turn|33
|
|t:|1646921251
|-activate|p1a: KILL|move: Attract|[of] p2a: dddddddddd
|move|p1a: KILL|Extreme Speed|p2a: dddddddddd
|-damage|p2a: dddddddddd|51\/338
|move|p2a: dddddddddd|Moonblast|p1a: KILL
|-supereffective|p1a: KILL
|-crit|p1a: KILL
|-damage|p1a: KILL|0 fnt
|faint|p1a: KILL
|
|win|ilikerubikscubes
|c|☆ilikerubikscubes|ggs
|c|☆pikakip379|gg
|l| awesome Hornet
|c|☆ilikerubikscubes|HOLY FUCK IDK HOW I DID THAT
|c|☆ilikerubikscubes|ggs man</script>
</div>
<div class="battle-log battle-log-inline"><div class="inner"><div class="battle-options"><div style="padding-top: 3px; padding-right: 3px; text-align: right"><button class="icon button" name="openBattleOptions" title="Options">Battle Options</button></div></div><div class="inner message-log"><div class="chat"><small>☆pikakip379 and ☆ilikerubikscubes joined</small></div><div class=""><small>Format:</small> <br><strong>[Gen 6] Gamma</strong></div><div class=""><small><em>Sleep Clause Mod:</em> Limit one foe put to sleep</small></div><div class=""><small><em>Species Clause:</em> Limit one of each Pokémon</small></div><div class=""><small><em>OHKO Clause:</em> OHKO moves are banned</small></div><div class=""><small><em>Moody Clause:</em> Moody is banned</small></div><div class=""><small><em>Evasion Moves Clause:</em> Evasion moves are banned</small></div><div class=""><small><em>Endless Battle Clause:</em> Forcing endless battles is banned</small></div><div class=""><small><em>HP Percentage Mod:</em> HP is shown in percentages</small></div><div class=""><small><em>Nuclear Clause Mod:</em> Non-Nuclear Pokémon can't use Nuclear-type moves</small></div><div class=""><small><em>Soft Baton Pass Mod:</em> Baton Pass doesn't pass positive stat boosts</small></div><div class="chat battle-history"><strong>pikakip379's team:</strong> <em style="color:#445566;display:block;">Arbok / Pajay / Hazma / Nimflora / Barand / Metalynx</em></div><div class="chat battle-history"><strong>ilikerubikscubes's team:</strong> <em style="color:#445566;display:block;">Syrentide / Metalynx / Majungold / Duplicat / Tracton / Gararewl</em></div><div class="chat"><small> awesome Hornet and  Andyv2.0 joined</small></div><div class="spacer battle-history"><br></div><div class="battle-history">Battle started between pikakip379 and ilikerubikscubes!<br></div><div class="spacer battle-history"><br></div><div class="battle-history">pikakip379 sent out Hazama (<strong>Hazma</strong>)!<br></div><div class="spacer battle-history"><br></div><div class="battle-history">Go! Punchy Boi (<strong>Majungold</strong>)!<br></div><div class="spacer battle-history"><br></div><h2 class="battle-history">Turn 1</h2><div class="spacer battle-history"><br></div><div class="battle-history">Punchy Boi used <strong>Poison Jab</strong>!<br></div><div class="battle-history"><small>It's super effective!</small><br></div><div class="battle-history"><small>(The opposing Hazama lost 58% of its health!)</small><br></div><div class="battle-history"><small>(The opposing Hazama used its Weakness Policy!)</small><br></div><div class="battle-history"><small>The Weakness Policy sharply raised the opposing Hazama's Attack!</small><br></div><div class="battle-history"><small>The Weakness Policy sharply raised the opposing Hazama's Sp. Atk!</small><br></div><div class="spacer battle-history"><br></div><div class="battle-history">The opposing Hazama used <strong>Trick Room</strong>!<br></div><div class="battle-history"><small>The opposing Hazama twisted the dimensions!</small><br></div><div class="spacer battle-history"><br></div><h2 class="battle-history">Turn 2</h2><div class="spacer battle-history"><br></div><div class="battle-history">The opposing Hazama used <strong>Expunge</strong>!<br></div><div class="battle-history"><small>Punchy Boi avoided the attack!</small><br></div><div class="spacer battle-history"><br></div><div class="battle-history">Punchy Boi used <strong>Poison Jab</strong>!<br></div><div class="battle-history"><small>It's super effective!</small><br></div><div class="battle-history"><small>(The opposing Hazama lost 42% of its health!)</small><br></div><div class="spacer battle-history"><br></div><div class="battle-history">The opposing Hazama fainted!<br></div><div class="chat chatmessage-pikakip379"><strong style="color:#3ca310"><small>☆</small><span class="username" data-name="pikakip379">pikakip379</span>:</strong> <em>NO</em></div><div class="chat chatmessage-ilikerubikscubes mine"><strong style="color:#806dd5"><small>☆</small><span class="username" data-name="ilikerubikscubes">ilikerubikscubes</span>:</strong> <em>rip</em></div><div class="spacer battle-history"><br></div><div class="battle-history">pikakip379 sent out Kity (<strong>Metalynx</strong>)!<br></div><div class="spacer battle-history"><br></div><h2 class="battle-history">Turn 3</h2><div class="chat chatmessage-ilikerubikscubes mine"><strong style="color:#806dd5"><small>☆</small><span class="username" data-name="ilikerubikscubes">ilikerubikscubes</span>:</strong> <em>frick i have a wrong move</em></div><div class="spacer battle-history"><br></div><div class="battle-history">Punchy Boi used <strong>Drain Punch</strong>!<br></div><div class="battle-history"><small>It's super effective!</small><br></div><div class="battle-history"><small>(The opposing Kity lost 61% of its health!)</small><br></div><div class="battle-history"><small>Punchy Boi was hurt by the Rocky Helmet!</small><br></div><div class="spacer battle-history"><br></div><div class="battle-history">The opposing Kity used <strong>Meteor Mash</strong>!<br></div><div class="battle-history"><small>It's super effective!</small><br></div><div class="battle-history"><small>(Punchy Boi lost <abbr title="−240/454">52.9%</abbr> of its health!)</small><br></div><div class="spacer battle-history"><br></div><h2 class="battle-history">Turn 4</h2><div class="spacer battle-history"><br></div><div class="battle-history">pikakip379 withdrew Kity!<br></div><div class="battle-history">pikakip379 sent out UI Purple Guy (<strong>Arbok</strong>)!<br></div><div class="battle-history">[The opposing UI Purple Guy's Intimidate]<br></div><div class="battle-history">[Punchy Boi's Clear Body]<br><small>Punchy Boi's stats were not lowered!</small><br></div><div class="spacer battle-history"><br></div><div class="battle-history">Punchy Boi used <strong>Drain Punch</strong>!<br></div><div class="battle-history"><small>It's not very effective...</small><br></div><div class="battle-history"><small>(The opposing UI Purple Guy lost 40% of its health!)</small><br></div><div class="battle-history"><small>The opposing UI Purple Guy had its energy drained!</small><br></div><div class="spacer battle-history"><br></div><h2 class="battle-history">Turn 5</h2><div class="spacer battle-history"><br></div><div class="battle-history"><small>The opposing UI Purple Guy's Arbokite is reacting to pikakip379's Mega Bracelet!</small><br>The opposing UI Purple Guy has Mega Evolved into Mega Arbok!<br></div><div class="battle-history">[The opposing UI Purple Guy's Petrify]<br></div><div class="battle-history">[Punchy Boi's Clear Body]<br><small>Punchy Boi's stats were not lowered!</small><br></div><div class="spacer battle-history"><br></div><div class="battle-history">Punchy Boi used <strong>Earthquake</strong>!<br></div><div class="battle-history"><small>It's super effective!</small><br></div><div class="battle-history"><small>(The opposing UI Purple Guy lost 60% of its health!)</small><br></div><div class="spacer battle-history"><br></div><div class="battle-history">The opposing UI Purple Guy fainted!<br></div><div class="spacer battle-history"><br></div><div class="battle-history"><small>The twisted dimensions returned to normal!</small><br></div><div class="spacer battle-history"><br></div><div class="battle-history">pikakip379 sent out Kiara (<strong>Pajay</strong>)!<br></div><div class="spacer battle-history"><br></div><h2 class="battle-history">Turn 6</h2><div class="chat"><div class="infobox">Majungold (ignoring abilities):<br><span class="message-effect-weak">Weaknesses</span>: Fairy, Fighting, Grass, Ground, Psychic, Steel, Water, <b>Nuclear</b><br><span class="message-effect-resist">Resistances</span>: Dark, Bug, Fire, Normal, Poison, Rock<br><span class="message-effect-immune">Immunities</span>: Sandstorm damage</div></div><div class="spacer battle-history"><br></div><div class="battle-history">The opposing Kiara used <strong>Trick</strong>!<br></div><div class="battle-history"><small>The opposing Kiara switched items with its target!</small><br></div><div class="battle-history"><small>Punchy Boi obtained one Choice Scarf.</small><br></div><div class="battle-history"><small>The opposing Kiara obtained one Assault Vest.</small><br></div><div class="spacer battle-history"><br></div><div class="battle-history">Punchy Boi used <strong>Poison Jab</strong>!<br></div><div class="battle-history"><small>(The opposing Kiara lost 53% of its health!)</small><br></div><div class="spacer battle-history"><br></div><h2 class="battle-history">Turn 7</h2><div class="spacer battle-history"><br></div><div class="battle-history">pikakip379 withdrew Kiara!<br></div><div class="battle-history">pikakip379 sent out Kity (<strong>Metalynx</strong>)!<br></div><div class="spacer battle-history"><br></div><div class="battle-history">Punchy Boi, come back!<br></div><div class="battle-history">Go! Horsey (<strong>Gararewl</strong>)!<br></div><div class="spacer battle-history"><br></div><h2 class="battle-history">Turn 8</h2><div class="spacer battle-history"><br></div><div class="battle-history">The opposing Kity used <strong>Earthquake</strong>!<br></div><div class="battle-history"><small>It's super effective!</small><br></div><div class="battle-history"><small>(Horsey lost <abbr title="−94/291">32.3%</abbr> of its health!)</small><br></div><div class="spacer battle-history"><br></div><div class="battle-history">Horsey used <strong>Stealth Rock</strong>!<br></div><div class="battle-history"><small>Pointed stones float in the air around the opposing team!</small><br></div><div class="spacer battle-history"><br></div><div class="battle-history"><small>Horsey restored a little HP using its Leftovers!</small><br></div><div class="spacer battle-history"><br></div><h2 class="battle-history">Turn 9</h2><div class="spacer battle-history"><br></div><div class="battle-history">The opposing Kity used <strong>Synthesis</strong>!<br></div><div class="battle-history"><small>The opposing Kity had its HP restored.</small><br></div><div class="spacer battle-history"><br></div><div class="battle-history">Horsey used <strong>Brick Break</strong>!<br></div><div class="battle-history"><small>It's super effective!</small><br></div><div class="battle-history"><small>(The opposing Kity lost 22% of its health!)</small><br></div><div class="battle-history"><small>Horsey was hurt by the Rocky Helmet!</small><br></div><div class="spacer battle-history"><br></div><div class="battle-history"><small>Horsey restored a little HP using its Leftovers!</small><br></div><div class="spacer battle-history"><br></div><h2 class="battle-history">Turn 10</h2><div class="spacer battle-history"><br></div><div class="battle-history">Horsey, come back!<br></div><div class="battle-history">Go! It is what it is (<strong>Duplicat</strong>)!<br></div><div class="spacer battle-history"><br></div><div class="battle-history">The opposing Kity used <strong>Earthquake</strong>!<br></div><div class="battle-history"><small>(It is what it is lost <abbr title="−118/320">36.9%</abbr> of its health!)</small><br></div><div class="spacer battle-history"><br></div><h2 class="battle-history">Turn 11</h2><div class="chat"><div class="infobox">Metalynx (ignoring abilities):<br><span class="message-effect-weak">Weaknesses</span>: Fighting, <b>Fire</b><br><span class="message-effect-resist">Resistances</span>: Dragon, Electric, Fairy, <b>Grass</b>, Normal, Psychic, Rock, Steel, Water<br><span class="message-effect-immune">Immunities</span>: Poison, Powder moves, Sandstorm damage, Toxic</div></div><div class="spacer battle-history"><br></div><div class="battle-history">It is what it is used <strong>Glare</strong>!<br></div><div class="battle-history"><small>The opposing Kity is paralyzed! It may be unable to move!</small><br></div><div class="spacer battle-history"><br></div><div class="battle-history">The opposing Kity used <strong>Leaf Blade</strong>!<br></div><div class="battle-history"><small>(It is what it is lost <abbr title="−153/320">47.8%</abbr> of its health!)</small><br></div><div class="spacer battle-history"><br></div><h2 class="battle-history">Turn 12</h2><div class="spacer battle-history"><br></div><div class="battle-history">It is what it is used <strong>Confuse Ray</strong>!<br></div><div class="battle-history"><small>The opposing Kity became confused!</small><br></div><div class="spacer battle-history"><br></div><div class="battle-history"><small>The opposing Kity is confused!</small><br></div><div class="battle-history">It hurt itself in its confusion!<br></div><div class="spacer battle-history"><br></div><h2 class="battle-history">Turn 13</h2><div class="spacer battle-history"><br></div><div class="battle-history">It is what it is, come back!<br></div><div class="battle-history">Go! Funni Truck (<strong>Tracton</strong>)!<br></div><div class="spacer battle-history"><br></div><div class="battle-history"><small>The opposing Kity is confused!</small><br></div><div class="battle-history">The opposing Kity used <strong>Earthquake</strong>!<br></div><div class="battle-history"><small>It's super effective!</small><br></div><div class="battle-history"><small>(Funni Truck lost <abbr title="−190/312">60.9%</abbr> of its health!)</small><br></div><div class="spacer battle-history"><br></div><h2 class="battle-history">Turn 14</h2><div class="spacer battle-history"><br></div><div class="battle-history">Funni Truck used <strong>Knock Off</strong>!<br></div><div class="battle-history"><small>(The opposing Kity lost 19% of its health!)</small><br></div><div class="battle-history"><small>Funni Truck was hurt by the Rocky Helmet!</small><br></div><div class="battle-history"><small>Funni Truck knocked off the opposing Kity's Rocky Helmet!</small><br></div><div class="spacer battle-history"><br></div><div class="battle-history"><small>The opposing Kity is confused!</small><br></div><div class="battle-history">It hurt itself in its confusion!<br></div><div class="spacer battle-history"><br></div><div class="battle-history">[Funni Truck's Speed Boost]<br></div><div class="battle-history"><small>Funni Truck's Speed rose!</small><br></div><div class="spacer battle-history"><br></div><h2 class="battle-history">Turn 15</h2><div class="spacer battle-history"><br></div><div class="battle-history">Funni Truck used <strong>Swords Dance</strong>!<br></div><div class="battle-history"><small>Funni Truck's Attack rose sharply!</small><br></div><div class="battle-history"><small>The opposing Kity snapped out of its confusion!</small><br></div><div class="spacer battle-history"><br></div><div class="battle-history">The opposing Kity used <strong>Synthesis</strong>!<br></div><div class="battle-history"><small>The opposing Kity had its HP restored.</small><br></div><div class="spacer battle-history"><br></div><div class="battle-history">[Funni Truck's Speed Boost]<br></div><div class="battle-history"><small>Funni Truck's Speed rose!</small><br></div><div class="spacer battle-history"><br></div><h2 class="battle-history">Turn 16</h2><div class="spacer battle-history"><br></div><div class="battle-history">Funni Truck used <strong>Dragon Claw</strong>!<br></div><div class="battle-history"><small>It's not very effective...</small><br></div><div class="battle-history"><small>(The opposing Kity lost 26% of its health!)</small><br></div><div class="spacer battle-history"><br></div><div class="battle-history">The opposing Kity is paralyzed! It can't move!<br></div><div class="spacer battle-history"><br></div><div class="battle-history">[Funni Truck's Speed Boost]<br></div><div class="battle-history"><small>Funni Truck's Speed rose!</small><br></div><div class="spacer battle-history"><br></div><h2 class="battle-history">Turn 17</h2><div class="spacer battle-history"><br></div><div class="battle-history">Funni Truck, come back!<br></div><div class="battle-history">Go! dddddddddd (<strong>Syrentide</strong>)!<br></div><div class="spacer battle-history"><br></div><div class="battle-history">The opposing Kity used <strong>Earthquake</strong>!<br></div><div class="battle-history"><small>(dddddddddd lost <abbr title="−60/338">17.8%</abbr> of its health!)</small><br></div><div class="spacer battle-history"><br></div><div class="battle-history"><small>dddddddddd restored a little HP using its Leftovers!</small><br></div><div class="spacer battle-history"><br></div><h2 class="battle-history">Turn 18</h2><div class="spacer battle-history"><br></div><div class="battle-history">dddddddddd, come back!<br></div><div class="battle-history">Go! It is what it is (<strong>Duplicat</strong>)!<br></div><div class="spacer battle-history"><br></div><div class="battle-history">The opposing Kity is paralyzed! It can't move!<br></div><div class="spacer battle-history"><br></div><h2 class="battle-history">Turn 19</h2><div class="spacer battle-history"><br></div><div class="battle-history">It is what it is used <strong>Confuse Ray</strong>!<br></div><div class="battle-history"><small>The opposing Kity became confused!</small><br></div><div class="spacer battle-history"><br></div><div class="battle-history"><small>The opposing Kity is confused!</small><br></div><div class="battle-history">It hurt itself in its confusion!<br></div><div class="spacer battle-history"><br></div><h2 class="battle-history">Turn 20</h2><div class="spacer battle-history"><br></div><div class="battle-history">It is what it is, come back!<br></div><div class="battle-history">Go! Horsey (<strong>Gararewl</strong>)!<br></div><div class="battle-history"><small>The opposing Kity snapped out of its confusion!</small><br></div><div class="spacer battle-history"><br></div><div class="battle-history">The opposing Kity is paralyzed! It can't move!<br></div><div class="spacer battle-history"><br></div><div class="battle-history"><small>Horsey restored a little HP using its Leftovers!</small><br></div><div class="spacer battle-history"><br></div><h2 class="battle-history">Turn 21</h2><div class="spacer battle-history"><br></div><div class="battle-history">Horsey used <strong>Brick Break</strong>!<br></div><div class="battle-history"><small>It's super effective!</small><br></div><div class="battle-history"><small>(The opposing Kity lost 25% of its health!)</small><br></div><div class="spacer battle-history"><br></div><div class="battle-history">The opposing Kity is paralyzed! It can't move!<br></div><div class="spacer battle-history"><br></div><div class="battle-history"><small>Horsey restored a little HP using its Leftovers!</small><br></div><div class="spacer battle-history"><br></div><h2 class="battle-history">Turn 22</h2><div class="spacer battle-history"><br></div><div class="battle-history">pikakip379 withdrew Kity!<br></div><div class="battle-history">pikakip379 sent out Hood Classic (<strong>Nimflora</strong>)!<br></div><div class="battle-history"><small>Pointed stones dug into the opposing Hood Classic!</small><br></div><div class="spacer battle-history"><br></div><div class="battle-history">Horsey used <strong>Brick Break</strong>!<br></div><div class="battle-history"><small>It's not very effective...</small><br></div><div class="battle-history"><small>(The opposing Hood Classic lost 6% of its health!)</small><br></div><div class="spacer battle-history"><br></div><div class="battle-history"><small>Horsey restored a little HP using its Leftovers!</small><br></div><div class="spacer battle-history"><br></div><h2 class="battle-history">Turn 23</h2><div class="spacer battle-history"><br></div><div class="battle-history">The opposing Hood Classic used <strong>Quiver Dance</strong>!<br></div><div class="battle-history"><small>The opposing Hood Classic's Sp. Atk rose!</small><br></div><div class="battle-history"><small>The opposing Hood Classic's Sp. Def rose!</small><br></div><div class="battle-history"><small>The opposing Hood Classic's Speed rose!</small><br></div><div class="spacer battle-history"><br></div><div class="battle-history">Horsey used <strong>Zen Headbutt</strong>!<br></div><div class="battle-history"><small>(The opposing Hood Classic lost 28% of its health!)</small><br></div><div class="spacer battle-history"><br></div><div class="battle-history"><small>Horsey restored a little HP using its Leftovers!</small><br></div><div class="spacer battle-history"><br></div><h2 class="battle-history">Turn 24</h2><div class="spacer battle-history"><br></div><div class="battle-history">The opposing Hood Classic used <strong>Sleep Powder</strong>!<br></div><div class="battle-history"><small>Horsey fell asleep!</small><br></div><div class="spacer battle-history"><br></div><div class="battle-history">Horsey is fast asleep.<br></div><div class="spacer battle-history"><br></div><div class="battle-history"><small>Horsey restored a little HP using its Leftovers!</small><br></div><div class="spacer battle-history"><br></div><h2 class="battle-history">Turn 25</h2><div class="spacer battle-history"><br></div><div class="battle-history">The opposing Hood Classic used <strong>Quiver Dance</strong>!<br></div><div class="battle-history"><small>The opposing Hood Classic's Sp. Atk rose!</small><br></div><div class="battle-history"><small>The opposing Hood Classic's Sp. Def rose!</small><br></div><div class="battle-history"><small>The opposing Hood Classic's Speed rose!</small><br></div><div class="spacer battle-history"><br></div><div class="battle-history">Horsey is fast asleep.<br></div><div class="spacer battle-history"><br></div><div class="battle-history"><small>Horsey restored a little HP using its Leftovers!</small><br></div><div class="spacer battle-history"><br></div><h2 class="battle-history">Turn 26</h2><div class="spacer battle-history"><br></div><div class="battle-history">The opposing Hood Classic used <strong>Quiver Dance</strong>!<br></div><div class="battle-history"><small>The opposing Hood Classic's Sp. Atk rose!</small><br></div><div class="battle-history"><small>The opposing Hood Classic's Sp. Def rose!</small><br></div><div class="battle-history"><small>The opposing Hood Classic's Speed rose!</small><br></div><div class="battle-history"><small>Horsey woke up!</small><br></div><div class="spacer battle-history"><br></div><div class="battle-history">Horsey used <strong>Zen Headbutt</strong>!<br></div><div class="battle-history"><small>(The opposing Hood Classic lost 28% of its health!)</small><br></div><div class="spacer battle-history"><br></div><h2 class="battle-history">Turn 27</h2><div class="spacer battle-history"><br></div><div class="battle-history">The opposing Hood Classic used <strong>Sleep Powder</strong>!<br></div><div class="battle-history"><small>Horsey fell asleep!</small><br></div><div class="spacer battle-history"><br></div><div class="battle-history">Horsey is fast asleep.<br></div><div class="spacer battle-history"><br></div><h2 class="battle-history">Turn 28</h2><div class="spacer battle-history"><br></div><div class="battle-history">The opposing Hood Classic used <strong>Quiver Dance</strong>!<br></div><div class="battle-history"><small>The opposing Hood Classic's Sp. Atk rose!</small><br></div><div class="battle-history"><small>The opposing Hood Classic's Sp. Def rose!</small><br></div><div class="battle-history"><small>The opposing Hood Classic's Speed rose!</small><br></div><div class="spacer battle-history"><br></div><div class="battle-history">Horsey is fast asleep.<br></div><div class="spacer battle-history"><br></div><h2 class="battle-history">Turn 29</h2><div class="spacer battle-history"><br></div><div class="battle-history">The opposing Hood Classic used <strong>Giga Drain</strong>!<br></div><div class="battle-history"><small>It's not very effective...</small><br></div><div class="battle-history"><small>(Horsey lost <abbr title="−89/291">30.6%</abbr> of its health!)</small><br></div><div class="battle-history"><small>Horsey had its energy drained!</small><br></div><div class="battle-history"><small>Horsey woke up!</small><br></div><div class="spacer battle-history"><br></div><div class="battle-history">Horsey used <strong>Zen Headbutt</strong>!<br></div><div class="battle-history"><small>(The opposing Hood Classic lost 26% of its health!)</small><br></div><div class="spacer battle-history"><br></div><div class="battle-history"><small>Horsey restored a little HP using its Leftovers!</small><br></div><div class="spacer battle-history"><br></div><h2 class="battle-history">Turn 30</h2><div class="spacer battle-history"><br></div><div class="battle-history">The opposing Hood Classic used <strong>Moonblast</strong>!<br></div><div class="battle-history"><small>It's not very effective...</small><br></div><div class="battle-history"><small>(Horsey lost <abbr title="−172/291">59.1%</abbr> of its health!)</small><br></div><div class="spacer battle-history"><br></div><div class="battle-history">Horsey used <strong>Zen Headbutt</strong>!<br></div><div class="battle-history"><small>(The opposing Hood Classic lost 3% of its health!)</small><br></div><div class="spacer battle-history"><br></div><div class="battle-history">The opposing Hood Classic fainted!<br></div><div class="spacer battle-history"><br></div><div class="battle-history"><small>Horsey restored a little HP using its Leftovers!</small><br></div><div class="spacer battle-history"><br></div><div class="battle-history">pikakip379 sent out Kiara (<strong>Pajay</strong>)!<br></div><div class="battle-history"><small>Pointed stones dug into the opposing Kiara!</small><br></div><div class="spacer battle-history"><br></div><div class="battle-history">The opposing Kiara fainted!<br></div><div class="spacer battle-history"><br></div><div class="battle-history">pikakip379 sent out Kity (<strong>Metalynx</strong>)!<br></div><div class="battle-history"><small>Pointed stones dug into the opposing Kity!</small><br></div><div class="spacer battle-history"><br></div><h2 class="battle-history">Turn 31</h2><div class="chat"><small>@Jabuloso joined</small></div><div class="spacer battle-history"><br></div><div class="battle-history">Horsey used <strong>Brick Break</strong>!<br></div><div class="battle-history"><small>It's super effective!</small><br></div><div class="battle-history"><small>(The opposing Kity lost 23% of its health!)</small><br></div><div class="spacer battle-history"><br></div><div class="battle-history">The opposing Kity fainted!<br></div><div class="spacer battle-history"><br></div><div class="battle-history"><small>Horsey restored a little HP using its Leftovers!</small><br></div><div class="spacer battle-history"><br></div><div class="battle-history">pikakip379 sent out KILL (<strong>Barand</strong>)!<br></div><div class="battle-history"><small>Pointed stones dug into the opposing KILL!</small><br></div><div class="spacer battle-history"><br></div><h2 class="battle-history">Turn 32</h2><div class="spacer battle-history"><br></div><div class="battle-history">Horsey, come back!<br></div><div class="battle-history">Go! dddddddddd (<strong>Syrentide</strong>)!<br></div><div class="spacer battle-history"><br></div><div class="battle-history">The opposing KILL used <strong>Extreme Speed</strong>!<br></div><div class="battle-history"><small>(dddddddddd lost <abbr title="−139/338">41.1%</abbr> of its health!)</small><br></div><div class="battle-history">[dddddddddd's Cute Charm]<br><small>The opposing KILL fell in love!</small><br></div><div class="spacer battle-history"><br></div><div class="battle-history"><small>dddddddddd restored a little HP using its Leftovers!</small><br></div><div class="spacer battle-history"><br></div><h2 class="battle-history">Turn 33</h2><div class="spacer battle-history"><br></div><div class="battle-history"><small>The opposing KILL is in love with dddddddddd!</small><br></div><div class="battle-history">The opposing KILL used <strong>Extreme Speed</strong>!<br></div><div class="battle-history"><small>(dddddddddd lost <abbr title="−130/338">38.5%</abbr> of its health!)</small><br></div><div class="spacer battle-history"><br></div><div class="battle-history">dddddddddd used <strong>Moonblast</strong>!<br></div><div class="battle-history"><small>It's super effective!</small><br></div><div class="battle-history"><small>A critical hit!</small><br></div><div class="battle-history"><small>(The opposing KILL lost 88% of its health!)</small><br></div><div class="spacer battle-history"><br></div><div class="battle-history">The opposing KILL fainted!<br></div><div class="spacer battle-history"><br></div><div class="battle-history"><strong>ilikerubikscubes</strong> won the battle!<br></div><div class="chat chatmessage-ilikerubikscubes mine"><strong style="color:#806dd5"><small>☆</small><span class="username" data-name="ilikerubikscubes">ilikerubikscubes</span>:</strong> <em>ggs</em></div><div class="chat chatmessage-pikakip379"><strong style="color:#3ca310"><small>☆</small><span class="username" data-name="pikakip379">pikakip379</span>:</strong> <em>gg</em></div><div class="chat"><small> awesome Hornet left</small></div><div class="chat chatmessage-ilikerubikscubes mine"><strong style="color:#806dd5"><small>☆</small><span class="username" data-name="ilikerubikscubes">ilikerubikscubes</span>:</strong> <em>HOLY FUCK IDK HOW I DID THAT</em></div><div class="chat chatmessage-ilikerubikscubes mine"><strong style="color:#806dd5"><small>☆</small><span class="username" data-name="ilikerubikscubes">ilikerubikscubes</span>:</strong> <em>ggs man</em></div></div><div class="inner-preempt message-log"></div></div></div>
</div>
<script>
let daily = Math.floor(Date.now()/1000/60/60/24);document.write('<script src="https://cdn.jsdelivr.net/gh/eriedaberrie/pokemon-showdown-client@master/js/replay-embed.template.js?version'+daily+'" onerror="let defaultscript = document.createElement(\'script\'); defaultscript.src = \'https://play.pokemonshowdown.com/js/replay-embed.template.js?version\'+daily; defaultscript.onload = function () {alert(\'Custom Uranium script failed to load, defaulted to regular showdown graphics.\');}; document.head.appendChild(defaultscript);"></'+'script>');
</script>
