<!DOCTYPE html>
<meta charset="utf-8" />
<!-- version 1 -->
<title>[Gen 6] Gamma replay: UraniumSceptile vs. DanielG234</title>
<style>
html,body {font-family:Verdana, sans-serif;font-size:10pt;margin:0;padding:0;}body{padding:12px 0;} .battle-log {font-family:Verdana, sans-serif;font-size:10pt;} .battle-log-inline {border:1px solid #AAAAAA;background:#EEF2F5;color:black;max-width:640px;margin:0 auto 80px;padding-bottom:5px;} .battle-log .inner {padding:4px 8px 0px 8px;} .battle-log .inner-preempt {padding:0 8px 4px 8px;} .battle-log .inner-after {margin-top:0.5em;} .battle-log h2 {margin:0.5em -8px;padding:4px 8px;border:1px solid #AAAAAA;background:#E0E7EA;border-left:0;border-right:0;font-family:Verdana, sans-serif;font-size:13pt;} .battle-log .chat {vertical-align:middle;padding:3px 0 3px 0;font-size:8pt;} .battle-log .chat strong {color:#40576A;} .battle-log .chat em {padding:1px 4px 1px 3px;color:#000000;font-style:normal;} .chat.mine {background:rgba(0,0,0,0.05);margin-left:-8px;margin-right:-8px;padding-left:8px;padding-right:8px;} .spoiler {color:#BBBBBB;background:#BBBBBB;padding:0px 3px;} .spoiler:hover, .spoiler:active, .spoiler-shown {color:#000000;background:#E2E2E2;padding:0px 3px;} .spoiler a {color:#BBBBBB;} .spoiler:hover a, .spoiler:active a, .spoiler-shown a {color:#2288CC;} .chat code, .chat .spoiler:hover code, .chat .spoiler:active code, .chat .spoiler-shown code {border:1px solid #C0C0C0;background:#EEEEEE;color:black;padding:0 2px;} .chat .spoiler code {border:1px solid #CCCCCC;background:#CCCCCC;color:#CCCCCC;} .battle-log .rated {padding:3px 4px;} .battle-log .rated strong {color:white;background:#89A;padding:1px 4px;border-radius:4px;} .spacer {margin-top:0.5em;} .message-announce {background:#6688AA;color:white;padding:1px 4px 2px;} .message-announce a, .broadcast-green a, .broadcast-blue a, .broadcast-red a {color:#DDEEFF;} .broadcast-green {background-color:#559955;color:white;padding:2px 4px;} .broadcast-blue {background-color:#6688AA;color:white;padding:2px 4px;} .infobox {border:1px solid #6688AA;padding:2px 4px;} .infobox-limited {max-height:200px;overflow:auto;overflow-x:hidden;} .broadcast-red {background-color:#AA5544;color:white;padding:2px 4px;} .message-learn-canlearn {font-weight:bold;color:#228822;text-decoration:underline;} .message-learn-cannotlearn {font-weight:bold;color:#CC2222;text-decoration:underline;} .message-effect-weak {font-weight:bold;color:#CC2222;} .message-effect-resist {font-weight:bold;color:#6688AA;} .message-effect-immune {font-weight:bold;color:#666666;} .message-learn-list {margin-top:0;margin-bottom:0;} .message-throttle-notice, .message-error {color:#992222;} .message-overflow, .chat small.message-overflow {font-size:0pt;} .message-overflow::before {font-size:9pt;content:'...';} .subtle {color:#3A4A66;}
</style>
<div class="wrapper replay-wrapper" style="max-width:1180px;margin:0 auto">
<input type="hidden" name="replayid" value="unregisteredserver-gen6gamma-355" />
<div class="battle"></div><div class="battle-log"></div><div class="replay-controls"></div><div class="replay-controls-2"></div>
<h1 style="font-weight:normal;text-align:center"><strong>[Gen 6] Gamma</strong><br /><a href="http://pokemonshowdown.com/users/uraniumsceptile" class="subtle" target="_blank">UraniumSceptile</a> vs. <a href="http://pokemonshowdown.com/users/danielg234" class="subtle" target="_blank">DanielG234</a></h1>
<script type="text/plain" class="battle-log-data">|j|☆UraniumSceptile

|j|☆DanielG234
|t:|1643995256
|gametype|singles
|player|p1|UraniumSceptile|170|
|player|p2|DanielG234|vitor|
|teamsize|p1|6
|teamsize|p2|6
|gen|6
|tier|[Gen 6] Gamma
|rule|Sleep Clause Mod: Limit one foe put to sleep
|rule|Species Clause: Limit one of each Pokémon
|rule|OHKO Clause: OHKO moves are banned
|rule|Moody Clause: Moody is banned
|rule|Evasion Moves Clause: Evasion moves are banned
|rule|Endless Battle Clause: Forcing endless battles is banned
|rule|HP Percentage Mod: HP is shown in percentages
|rule|Nuclear Clause Mod: Non-Nuclear Pokémon can't use Nuclear-type moves
|rule|Soft Baton Pass Mod: Baton Pass doesn't pass positive stat boosts
|clearpoke
|poke|p1|Luxelong, M|item
|poke|p1|Luchabra, M|item
|poke|p1|S51-A|item
|poke|p1|Lavent, M|item
|poke|p1|Feliger, M|item
|poke|p1|Laissure, F|item
|poke|p2|Geigeroach, M|item
|poke|p2|S51-A|item
|poke|p2|Gyarados, M|item
|poke|p2|Frikitiki, M|item
|poke|p2|Vaporeon, M|item
|poke|p2|Mismagius, F|item
|teampreview
|j| awesome Hornet
|c| awesome Hornet|modchat?  
|c| awesome Hornet|good luck boys!
|raw|<div class="broadcast-red"><strong>Moderated chat was set to +!<\/strong><br \/>Only users of rank + and higher can talk.<\/div>
|c|☆UraniumSceptile|glhf
|c|☆DanielG234|u2
|
|t:|1643995292
|start
|switch|p1a: Padding|Feliger, M|443\/443
|switch|p2a: Buschwick|Geigeroach, M|100\/100
|-status|p1a: Padding|slp|[from] ability: Lazy|[of] p1a: Padding
|turn|1
|
|t:|1643995300
|move|p2a: Buschwick|Proton Beam|p1a: Padding
|-supereffective|p1a: Padding
|-damage|p1a: Padding|131\/443 slp
|-unboost|p2a: Buschwick|spa|2
|cant|p1a: Padding|slp
|move|p1a: Padding|Sleep Talk|p1a: Padding
|move|p1a: Padding|Knock Off|p2a: Buschwick|[from]move: Sleep Talk
|-supereffective|p2a: Buschwick
|-enditem|p2a: Buschwick|Focus Sash
|-damage|p2a: Buschwick|1\/100
|
|upkeep
|turn|2
|
|t:|1643995340
|move|p2a: Buschwick|Sticky Web|p1a: Padding
|-sidestart|p1: UraniumSceptile|move: Sticky Web
|cant|p1a: Padding|slp
|move|p1a: Padding|Sleep Talk|p1a: Padding
|move|p1a: Padding|Knock Off|p2a: Buschwick|[from]move: Sleep Talk
|-supereffective|p2a: Buschwick
|-damage|p2a: Buschwick|0 fnt
|faint|p2a: Buschwick
|
|upkeep
|
|t:|1643995359
|switch|p2a: Green Christmas|Frikitiki, M|100\/100
|turn|3
|
|t:|1643995414
|switch|p1a: Scarf Eruption|Lavent, M|341\/341
|-activate|p1a: Scarf Eruption|move: Sticky Web
|-unboost|p1a: Scarf Eruption|spe|1
|move|p2a: Green Christmas|Bullet Seed|p1a: Scarf Eruption
|-resisted|p1a: Scarf Eruption
|-damage|p1a: Scarf Eruption|320\/341
|-resisted|p1a: Scarf Eruption
|-damage|p1a: Scarf Eruption|303\/341
|-hitcount|p1a: Scarf Eruption|2
|-damage|p2a: Green Christmas|91\/100|[from] item: Life Orb
|
|-heal|p1a: Scarf Eruption|324\/341|[from] item: Leftovers
|upkeep
|turn|4
|c|☆DanielG234|the name lies how devious
|raw|<div class="message"><ul class="utilichart"><li class="result"><span class="col numcol">Gamma<\/span> <span class="col iconcol"><psicon pokemon="frikitiki"\/><\/span> <span class="col pokemonnamecol" style="white-space:nowrap"><a href="https:\/\/pokemon-uranium.fandom.com\/Frikitiki" target="_blank">Frikitiki<\/a><\/span> <span class="col typecol"><img src="https:\/\/raw.githubusercontent.com\/eriedaberrie\/showdown-sprites\/main\/play.pokemonshowdown.com\/sprites\/types\/Grass.png" alt="Grass" height="14" width="32"><img src="https:\/\/raw.githubusercontent.com\/eriedaberrie\/showdown-sprites\/main\/play.pokemonshowdown.com\/sprites\/types\/Fire.png" alt="Fire" height="14" width="32"><\/span> <span style="float:left;min-height:26px"><span class="col twoabilitycol">Vital Spirit<br \/>Iron Fist<\/span><span class="col abilitycol"><em>Technician<\/em><\/span><\/span><span style="float:left;min-height:26px"><span class="col statcol"><em>HP<\/em><br \/>75<\/span> <span class="col statcol"><em>Atk<\/em><br \/>125<\/span> <span class="col statcol"><em>Def<\/em><br \/>70<\/span> <span class="col statcol"><em>SpA<\/em><br \/>90<\/span> <span class="col statcol"><em>SpD<\/em><br \/>65<\/span> <span class="col statcol"><em>Spe<\/em><br \/>85<\/span> <span class="col bstcol"><em>BST<br \/>510<\/em><\/span> <\/span><\/li><li style="clear:both"><\/li><\/ul><\/div>
|raw|<font size="1"><font color="#686868">Dex#:<\/font> -2083&nbsp;|&ThickSpace;<font color="#686868">Gen:<\/font> 0&nbsp;|&ThickSpace;<font color="#686868">Height:<\/font> 1.6 m&nbsp;|&ThickSpace;<font color="#686868">Weight:<\/font> 55 kg <em>(80 BP)<\/em>&nbsp;|&ThickSpace;<font color="#686868">Dex Colour:<\/font> Brown&nbsp;|&ThickSpace;<font color="#686868">Egg Group(s):<\/font> Field, Grass&nbsp;|&ThickSpace;<font color="#686868">Does Not Evolve<\/font><\/font>

|
|t:|1643995469
|switch|p2a: Tank4eons|Vaporeon, M|100\/100
|move|p1a: Scarf Eruption|Substitute|p1a: Scarf Eruption
|-start|p1a: Scarf Eruption|Substitute
|-damage|p1a: Scarf Eruption|239\/341
|
|-heal|p1a: Scarf Eruption|260\/341|[from] item: Leftovers
|upkeep
|turn|5
|
|t:|1643995473
|move|p2a: Tank4eons|Scald|p1a: Scarf Eruption
|-end|p1a: Scarf Eruption|Substitute
|move|p1a: Scarf Eruption|Toxic|p2a: Tank4eons|[miss]
|-miss|p1a: Scarf Eruption|p2a: Tank4eons
|
|-heal|p1a: Scarf Eruption|281\/341|[from] item: Leftovers
|upkeep
|turn|6
|
|t:|1643995484
|move|p2a: Tank4eons|Scald|p1a: Scarf Eruption
|-damage|p1a: Scarf Eruption|146\/341
|move|p1a: Scarf Eruption|Toxic|p2a: Tank4eons
|-status|p2a: Tank4eons|tox
|
|-heal|p1a: Scarf Eruption|167\/341|[from] item: Leftovers
|-damage|p2a: Tank4eons|94\/100 tox|[from] psn
|upkeep
|turn|7
|
|t:|1643995491
|switch|p1a: "Good in Webs"|S51-A|361\/361
|move|p2a: Tank4eons|Scald|p1a: "Good in Webs"
|-damage|p1a: "Good in Webs"|256\/361
|
|-heal|p2a: Tank4eons|100\/100 tox|[from] item: Leftovers
|-damage|p2a: Tank4eons|88\/100 tox|[from] psn
|upkeep
|turn|8
|
|t:|1643995526
|detailschange|p1a: "Good in Webs"|S51-A-Mega
|-mega|p1a: "Good in Webs"|S51-A|Unidentified Fallen Object
|move|p2a: Tank4eons|Protect|p2a: Tank4eons
|-singleturn|p2a: Tank4eons|Protect
|move|p1a: "Good in Webs"|Psychic|p2a: Tank4eons
|-activate|p2a: Tank4eons|move: Protect
|
|-heal|p2a: Tank4eons|94\/100 tox|[from] item: Leftovers
|-damage|p2a: Tank4eons|76\/100 tox|[from] psn
|upkeep
|turn|9
|
|t:|1643995535
|switch|p2a: Brainbot|S51-A|100\/100
|move|p1a: "Good in Webs"|Rapid Spin|p2a: Brainbot
|-resisted|p2a: Brainbot
|-damage|p2a: Brainbot|99\/100
|-sideend|p1: UraniumSceptile|Sticky Web|[from] move: Rapid Spin|[of] p1a: "Good in Webs"
|
|upkeep
|turn|10
|J| Andyv2.0
|
|t:|1643995575
|switch|p1a: Padding|Feliger, M|131\/443 slp
|move|p2a: Brainbot|U-turn|p1a: Padding
|-damage|p1a: Padding|99\/443 slp
|
|t:|1643995596
|switch|p2a: Titanosaurus|Gyarados, M, shiny|100\/100|[from]move: U-turn
|-ability|p2a: Titanosaurus|Intimidate|boost
|-unboost|p1a: Padding|atk|1
|
|upkeep
|turn|11
|
|t:|1643995627
|detailschange|p2a: Titanosaurus|Gyarados-Mega, M, shiny
|-mega|p2a: Titanosaurus|Gyarados|Gyaradosite
|-ability|p2a: Titanosaurus|Mold Breaker
|move|p2a: Titanosaurus|Dragon Dance|p2a: Titanosaurus
|-boost|p2a: Titanosaurus|atk|1
|-boost|p2a: Titanosaurus|spe|1
|-curestatus|p1a: Padding|slp|[msg]
|move|p1a: Padding|Return|p2a: Titanosaurus
|-damage|p2a: Titanosaurus|32\/100
|
|upkeep
|turn|12
|
|t:|1643995638
|move|p2a: Titanosaurus|Waterfall|p1a: Padding
|-damage|p1a: Padding|0 fnt
|faint|p1a: Padding
|
|upkeep
|
|t:|1643995678
|switch|p1a: God King|Laissure, F|413\/413
|-ability|p1a: God King|Intimidate|boost
|-unboost|p2a: Titanosaurus|atk|1
|turn|13
|
|t:|1643995701
|move|p2a: Titanosaurus|Waterfall|p1a: God King
|-supereffective|p1a: God King
|-damage|p1a: God King|195\/413
|-damage|p2a: Titanosaurus|16\/100|[from] item: Rocky Helmet|[of] p1a: God King
|move|p1a: God King|Dragon Tail|p2a: Titanosaurus
|-damage|p2a: Titanosaurus|0 fnt
|faint|p2a: Titanosaurus
|
|upkeep
|
|t:|1643995713
|switch|p2a: Thorn|Mismagius, F|100\/100
|turn|14
|
|t:|1643995728
|move|p2a: Thorn|Shadow Ball|p1a: God King
|-damage|p1a: God King|77\/413
|move|p1a: God King|Stealth Rock|p2a: Thorn
|-sidestart|p2: DanielG234|move: Stealth Rock
|
|upkeep
|turn|15
|
|t:|1643995737
|switch|p1a: Voice|Luxelong, M|401\/401
|move|p2a: Thorn|Shadow Ball|p1a: Voice
|-damage|p1a: Voice|310\/401
|
|upkeep
|turn|16
|
|t:|1643995755
|switch|p2a: Brainbot|S51-A|99\/100
|-damage|p2a: Brainbot|93\/100|[from] Stealth Rock
|move|p1a: Voice|Substitute|p1a: Voice
|-start|p1a: Voice|Substitute
|-damage|p1a: Voice|210\/401
|
|upkeep
|turn|17
|
|t:|1643995758
|move|p1a: Voice|Baton Pass|p1a: Voice
|
|t:|1643995770
|switch|p1a: "Good in Webs"|S51-A-Mega|256\/361
|move|p2a: Brainbot|Flash Cannon|p1a: "Good in Webs"
|-resisted|p1a: "Good in Webs"
|-activate|p1a: "Good in Webs"|move: Substitute|[damage]
|
|upkeep
|turn|18
|
|t:|1643995777
|move|p1a: "Good in Webs"|Nasty Plot|p1a: "Good in Webs"
|-boost|p1a: "Good in Webs"|spa|2
|move|p2a: Brainbot|Rapid Spin|p1a: "Good in Webs"
|-resisted|p1a: "Good in Webs"
|-activate|p1a: "Good in Webs"|move: Substitute|[damage]
|-sideend|p2: DanielG234|Stealth Rock|[from] move: Rapid Spin|[of] p2a: Brainbot
|
|upkeep
|turn|19
|
|t:|1643995811
|move|p1a: "Good in Webs"|Thunderbolt|p2a: Brainbot
|-damage|p2a: Brainbot|33\/100
|-status|p2a: Brainbot|par
|move|p2a: Brainbot|Flash Cannon|p1a: "Good in Webs"
|-resisted|p1a: "Good in Webs"
|-end|p1a: "Good in Webs"|Substitute
|
|upkeep
|turn|20
|
|t:|1643995822
|move|p1a: "Good in Webs"|Thunderbolt|p2a: Brainbot
|-damage|p2a: Brainbot|0 fnt
|faint|p2a: Brainbot
|
|upkeep
|
|t:|1643995832
|switch|p2a: Green Christmas|Frikitiki, M|91\/100
|turn|21
|
|t:|1643995864
|move|p2a: Green Christmas|Flame Impact|p1a: "Good in Webs"
|-supereffective|p1a: "Good in Webs"
|-damage|p1a: "Good in Webs"|0 fnt
|faint|p1a: "Good in Webs"
|-damage|p2a: Green Christmas|81\/100|[from] item: Life Orb
|
|upkeep
|
|t:|1643995872
|switch|p1a: Scarf Eruption|Lavent, M|167\/341
|turn|22
|
|t:|1643995879
|switch|p2a: Tank4eons|Vaporeon, M|76\/100 tox
|move|p1a: Scarf Eruption|Flamethrower|p2a: Tank4eons
|-resisted|p2a: Tank4eons
|-damage|p2a: Tank4eons|60\/100 tox
|
|-heal|p1a: Scarf Eruption|188\/341|[from] item: Leftovers
|-heal|p2a: Tank4eons|66\/100 tox|[from] item: Leftovers
|-damage|p2a: Tank4eons|60\/100 tox|[from] psn
|upkeep
|turn|23
|
|t:|1643995886
|switch|p1a: Voice|Luxelong, M|343\/401
|move|p2a: Tank4eons|Baton Pass|p2a: Tank4eons
|
|t:|1643995888
|switch|p2a: Green Christmas|Frikitiki, M|81\/100|[from]move: Baton Pass
|
|upkeep
|turn|24
|
|t:|1643995895
|switch|p1a: God King|Laissure, F|77\/413
|-ability|p1a: God King|Intimidate|boost
|-unboost|p2a: Green Christmas|atk|1
|move|p2a: Green Christmas|Swords Dance|p2a: Green Christmas
|-boost|p2a: Green Christmas|atk|2
|
|upkeep
|turn|25
|
|t:|1643995908
|move|p2a: Green Christmas|Bullet Seed|p1a: God King
|-supereffective|p1a: God King
|-damage|p1a: God King|0 fnt
|faint|p1a: God King
|-hitcount|p1: God King|1
|-damage|p2a: Green Christmas|71\/100|[from] item: Life Orb
|
|upkeep
|
|t:|1643995911
|switch|p1a: Scarf Eruption|Lavent, M|188\/341
|turn|26
|
|t:|1643995919
|switch|p2a: Tank4eons|Vaporeon, M|60\/100 tox
|move|p1a: Scarf Eruption|Flamethrower|p2a: Tank4eons
|-resisted|p2a: Tank4eons
|-damage|p2a: Tank4eons|45\/100 tox
|
|-heal|p1a: Scarf Eruption|209\/341|[from] item: Leftovers
|-heal|p2a: Tank4eons|51\/100 tox|[from] item: Leftovers
|-damage|p2a: Tank4eons|45\/100 tox|[from] psn
|upkeep
|turn|27
|
|t:|1643995927
|move|p1a: Scarf Eruption|Substitute|p1a: Scarf Eruption
|-start|p1a: Scarf Eruption|Substitute
|-damage|p1a: Scarf Eruption|124\/341
|move|p2a: Tank4eons|Wish|p2a: Tank4eons
|
|-heal|p1a: Scarf Eruption|145\/341|[from] item: Leftovers
|-heal|p2a: Tank4eons|51\/100 tox|[from] item: Leftovers
|-damage|p2a: Tank4eons|39\/100 tox|[from] psn
|upkeep
|turn|28
|
|t:|1643995942
|move|p1a: Scarf Eruption|Flamethrower|p2a: Tank4eons
|-resisted|p2a: Tank4eons
|-damage|p2a: Tank4eons|22\/100 tox
|move|p2a: Tank4eons|Scald|p1a: Scarf Eruption
|-end|p1a: Scarf Eruption|Substitute
|
|-heal|p2a: Tank4eons|72\/100 tox|[from] move: Wish|[wisher] Tank4eons
|-heal|p1a: Scarf Eruption|166\/341|[from] item: Leftovers
|-heal|p2a: Tank4eons|78\/100 tox|[from] item: Leftovers
|-damage|p2a: Tank4eons|60\/100 tox|[from] psn
|upkeep
|turn|29
|
|t:|1643995953
|move|p1a: Scarf Eruption|Taunt|p2a: Tank4eons
|-start|p2a: Tank4eons|move: Taunt
|move|p2a: Tank4eons|Scald|p1a: Scarf Eruption
|-damage|p1a: Scarf Eruption|30\/341
|
|-heal|p1a: Scarf Eruption|51\/341|[from] item: Leftovers
|-heal|p2a: Tank4eons|66\/100 tox|[from] item: Leftovers
|-damage|p2a: Tank4eons|42\/100 tox|[from] psn
|upkeep
|turn|30
|
|t:|1643995967
|switch|p1a: Hornet|Luchabra, M|423\/423
|move|p2a: Tank4eons|Scald|p1a: Hornet
|-damage|p1a: Hornet|300\/423
|
|-heal|p1a: Hornet|326\/423|[from] item: Black Sludge
|-heal|p2a: Tank4eons|48\/100 tox|[from] item: Leftovers
|-damage|p2a: Tank4eons|17\/100 tox|[from] psn
|upkeep
|turn|31
|
|t:|1643995975
|move|p1a: Hornet|Knock Off|p2a: Tank4eons
|-damage|p2a: Tank4eons|0 fnt
|-enditem|p2a: Tank4eons|Leftovers|[from] move: Knock Off|[of] p1a: Hornet
|faint|p2a: Tank4eons
|
|-heal|p1a: Hornet|352\/423|[from] item: Black Sludge
|upkeep
|
|t:|1643995983
|switch|p2a: Thorn|Mismagius, F|100\/100
|turn|32
|
|t:|1643995986
|move|p2a: Thorn|Psychic|p1a: Hornet
|-supereffective|p1a: Hornet
|-damage|p1a: Hornet|0 fnt
|faint|p1a: Hornet
|
|upkeep
|
|t:|1643995991
|switch|p1a: Voice|Luxelong, M|401\/401
|turn|33
|
|t:|1643995996
|move|p2a: Thorn|Shadow Ball|p1a: Voice
|-damage|p1a: Voice|313\/401
|-unboost|p1a: Voice|spd|1
|move|p1a: Voice|Substitute|p1a: Voice
|-start|p1a: Voice|Substitute
|-damage|p1a: Voice|213\/401
|
|upkeep
|turn|34
|
|t:|1643996000
|move|p2a: Thorn|Shadow Ball|p1a: Voice
|-end|p1a: Voice|Substitute
|move|p1a: Voice|Baton Pass|p1a: Voice
|
|t:|1643996005
|switch|p1a: Scarf Eruption|Lavent, M|51\/341
|
|-heal|p1a: Scarf Eruption|72\/341|[from] item: Leftovers
|upkeep
|turn|35
|
|t:|1643996009
|switch|p1a: Voice|Luxelong, M|346\/401
|move|p2a: Thorn|Shadow Ball|p1a: Voice
|-damage|p1a: Voice|259\/401
|-unboost|p1a: Voice|spd|1
|
|upkeep
|turn|36
|c|☆UraniumSceptile|stop
|c|☆DanielG234|no
|
|t:|1643996019
|move|p2a: Thorn|Memento|p1a: Voice
|-unboost|p1a: Voice|atk|2
|-unboost|p1a: Voice|spa|2
|faint|p2a: Thorn
|move|p1a: Voice|Baton Pass|p1a: Voice
|
|t:|1643996028
|switch|p1a: Scarf Eruption|Lavent, M|72\/341
|
|-heal|p1a: Scarf Eruption|93\/341|[from] item: Leftovers
|upkeep
|
|t:|1643996055
|switch|p2a: Green Christmas|Frikitiki, M|71\/100
|turn|37
|
|t:|1643996070
|move|p2a: Green Christmas|Iron Head|p1a: Scarf Eruption
|-resisted|p1a: Scarf Eruption
|-damage|p1a: Scarf Eruption|16\/341
|-damage|p2a: Green Christmas|61\/100|[from] item: Life Orb
|move|p1a: Scarf Eruption|Flamethrower|p2a: Green Christmas
|-damage|p2a: Green Christmas|13\/100
|
|-heal|p1a: Scarf Eruption|37\/341|[from] item: Leftovers
|upkeep
|turn|38
|
|t:|1643996078
|move|p2a: Green Christmas|Iron Head|p1a: Scarf Eruption
|-resisted|p1a: Scarf Eruption
|-crit|p1a: Scarf Eruption
|-damage|p1a: Scarf Eruption|0 fnt
|faint|p1a: Scarf Eruption
|-damage|p2a: Green Christmas|3\/100|[from] item: Life Orb
|
|upkeep
|
|t:|1643996080
|switch|p1a: Voice|Luxelong, M|392\/401
|turn|39
|
|t:|1643996083
|move|p2a: Green Christmas|Iron Head|p1a: Voice
|-supereffective|p1a: Voice
|-enditem|p1a: Voice|Babiri Berry|[eat]
|-enditem|p1a: Voice|Babiri Berry|[weaken]
|-damage|p1a: Voice|244\/401
|-damage|p2a: Green Christmas|0 fnt|[from] item: Life Orb
|faint|p2a: Green Christmas
|
|win|UraniumSceptile
|c|☆UraniumSceptile|gg
|c|☆DanielG234|gg</script>
</div>
<div class="battle-log battle-log-inline"><div class="inner"><div class="battle-options"><div style="padding-top: 3px; padding-right: 3px; text-align: right"><button class="icon button" name="openBattleOptions" title="Options">Battle Options</button></div></div><div class="inner message-log"><div class="chat"><small>☆UraniumSceptile and ☆DanielG234 joined</small></div><div class=""><small>Format:</small> <br><strong>[Gen 6] Gamma</strong></div><div class=""><small><em>Sleep Clause Mod:</em> Limit one foe put to sleep</small></div><div class=""><small><em>Species Clause:</em> Limit one of each Pokémon</small></div><div class=""><small><em>OHKO Clause:</em> OHKO moves are banned</small></div><div class=""><small><em>Moody Clause:</em> Moody is banned</small></div><div class=""><small><em>Evasion Moves Clause:</em> Evasion moves are banned</small></div><div class=""><small><em>Endless Battle Clause:</em> Forcing endless battles is banned</small></div><div class=""><small><em>HP Percentage Mod:</em> HP is shown in percentages</small></div><div class=""><small><em>Nuclear Clause Mod:</em> Non-Nuclear Pokémon can't use Nuclear-type moves</small></div><div class=""><small><em>Soft Baton Pass Mod:</em> Baton Pass doesn't pass positive stat boosts</small></div><div class="chat battle-history"><strong>UraniumSceptile's team:</strong> <em style="color:#445566;display:block;">Luxelong / Luchabra / S51-A / Lavent / Feliger / Laissure</em></div><div class="chat battle-history"><strong>DanielG234's team:</strong> <em style="color:#445566;display:block;">Geigeroach / S51-A / Gyarados / Frikitiki / Vaporeon / Mismagius</em></div><div class="chat"><small> awesome Hornet joined</small></div><div class="chat chatmessage-awesomehornet"><strong style="color:#734bd1"><small> </small><span class="username" data-name="awesome Hornet">awesome Hornet</span>:</strong> <em>modchat?  </em></div><div class="chat chatmessage-awesomehornet"><strong style="color:#734bd1"><small> </small><span class="username" data-name="awesome Hornet">awesome Hornet</span>:</strong> <em>good luck boys!</em></div><div class="chat"><div class="broadcast-red"><strong>Moderated chat was set to +!</strong><br>Only users of rank + and higher can talk.</div></div><div class="chat chatmessage-uraniumsceptile mine"><strong style="color:#2591d4"><small>☆</small><span class="username" data-name="UraniumSceptile">UraniumSceptile</span>:</strong> <em>glhf</em></div><div class="chat chatmessage-danielg234"><strong style="color:#3d9444"><small>☆</small><span class="username" data-name="DanielG234">DanielG234</span>:</strong> <em>u2</em></div><div class="spacer battle-history"><br></div><div class="battle-history">Battle started between UraniumSceptile and DanielG234!<br></div><div class="spacer battle-history"><br></div><div class="battle-history">Go! Padding (<strong>Feliger</strong>)!<br></div><div class="spacer battle-history"><br></div><div class="battle-history">DanielG234 sent out Buschwick (<strong>Geigeroach</strong>)!<br></div><div class="battle-history">[Padding's Lazy]<br><small>Padding fell asleep!</small><br></div><div class="spacer battle-history"><br></div><h2 class="battle-history">Turn 1</h2><div class="spacer battle-history"><br></div><div class="battle-history">The opposing Buschwick used <strong>Proton Beam</strong>!<br></div><div class="battle-history"><small>It's super effective!</small><br></div><div class="battle-history"><small>(Padding lost <abbr title="−312/443">70.4%</abbr> of its health!)</small><br></div><div class="battle-history"><small>The opposing Buschwick's Sp. Atk fell harshly!</small><br></div><div class="spacer battle-history"><br></div><div class="battle-history">Padding is fast asleep.<br></div><div class="spacer battle-history"><br></div><div class="battle-history">Padding used <strong>Sleep Talk</strong>!<br></div><div class="spacer battle-history"><br></div><div class="battle-history">Padding used <strong>Knock Off</strong>!<br></div><div class="battle-history"><small>It's super effective!</small><br></div><div class="battle-history"><small>The opposing Buschwick hung on using its Focus Sash!</small><br></div><div class="battle-history"><small>(The opposing Buschwick lost 99% of its health!)</small><br></div><div class="spacer battle-history"><br></div><h2 class="battle-history">Turn 2</h2><div class="spacer battle-history"><br></div><div class="battle-history">The opposing Buschwick used <strong>Sticky Web</strong>!<br></div><div class="battle-history"><small>A sticky web has been laid out on the ground around your team!</small><br></div><div class="spacer battle-history"><br></div><div class="battle-history">Padding is fast asleep.<br></div><div class="spacer battle-history"><br></div><div class="battle-history">Padding used <strong>Sleep Talk</strong>!<br></div><div class="spacer battle-history"><br></div><div class="battle-history">Padding used <strong>Knock Off</strong>!<br></div><div class="battle-history"><small>It's super effective!</small><br></div><div class="battle-history"><small>(The opposing Buschwick lost 1% of its health!)</small><br></div><div class="spacer battle-history"><br></div><div class="battle-history">The opposing Buschwick fainted!<br></div><div class="spacer battle-history"><br></div><div class="battle-history">DanielG234 sent out Green Christmas (<strong>Frikitiki</strong>)!<br></div><div class="spacer battle-history"><br></div><h2 class="battle-history">Turn 3</h2><div class="spacer battle-history"><br></div><div class="battle-history">Padding, come back!<br></div><div class="battle-history">Go! Scarf Eruption (<strong>Lavent</strong>)!<br></div><div class="battle-history"><small>Scarf Eruption was caught in a sticky web!</small><br></div><div class="battle-history"><small>Scarf Eruption's Speed fell!</small><br></div><div class="spacer battle-history"><br></div><div class="battle-history">The opposing Green Christmas used <strong>Bullet Seed</strong>!<br></div><div class="battle-history"><small>It's not very effective...</small><br></div><div class="battle-history"><small>(Scarf Eruption lost <abbr title="−21/341">6.2%</abbr> of its health!)</small><br></div><div class="battle-history"><small>It's not very effective...</small><br></div><div class="battle-history"><small>(Scarf Eruption lost <abbr title="−17/341">5.0%</abbr> of its health!)</small><br></div><div class="battle-history"><small>The Pokémon was hit 2 times!</small><br></div><div class="battle-history"><small>The opposing Green Christmas lost some of its HP!</small><br></div><div class="spacer battle-history"><br></div><div class="battle-history"><small>Scarf Eruption restored a little HP using its Leftovers!</small><br></div><div class="spacer battle-history"><br></div><h2 class="battle-history">Turn 4</h2><div class="chat chatmessage-danielg234"><strong style="color:#3d9444"><small>☆</small><span class="username" data-name="DanielG234">DanielG234</span>:</strong> <em>the name lies how devious</em></div><div class="chat"><div class="message"><ul class="utilichart"><li class="result"><span class="col numcol">Gamma</span> <span class="col iconcol"><span class="picon" style="background: transparent url(&quot;//raw.githubusercontent.com/eriedaberrie/showdown-sprites/main/play.pokemonshowdown.com/sprites/pokemonicons-sheet.png?v7&quot;) no-repeat scroll -400px -3630px"></span></span> <span class="col pokemonnamecol" style="white-space: nowrap"><a href="https://pokemon-uranium.fandom.com/Frikitiki" target="_blank" rel="noopener">Frikitiki</a></span> <span class="col typecol"><img src="https://raw.githubusercontent.com/eriedaberrie/showdown-sprites/main/play.pokemonshowdown.com/sprites/types/Grass.png" alt="Grass" height="14" width="32"><img src="https://raw.githubusercontent.com/eriedaberrie/showdown-sprites/main/play.pokemonshowdown.com/sprites/types/Fire.png" alt="Fire" height="14" width="32"></span> <span style="float: left ; min-height: 26px"><span class="col twoabilitycol">Vital Spirit<br>Iron Fist</span><span class="col abilitycol"><em>Technician</em></span></span><span style="float: left ; min-height: 26px"><span class="col statcol"><em>HP</em><br>75</span> <span class="col statcol"><em>Atk</em><br>125</span> <span class="col statcol"><em>Def</em><br>70</span> <span class="col statcol"><em>SpA</em><br>90</span> <span class="col statcol"><em>SpD</em><br>65</span> <span class="col statcol"><em>Spe</em><br>85</span> <span class="col bstcol"><em>BST<br>510</em></span> </span></li><li style="clear: both"></li></ul></div></div><div class="chat"><font size="1"><font color="#686868">Dex#:</font> -2083&nbsp;|  <font color="#686868">Gen:</font> 0&nbsp;|  <font color="#686868">Height:</font> 1.6 m&nbsp;|  <font color="#686868">Weight:</font> 55 kg <em>(80 BP)</em>&nbsp;|  <font color="#686868">Dex Colour:</font> Brown&nbsp;|  <font color="#686868">Egg Group(s):</font> Field, Grass&nbsp;|  <font color="#686868">Does Not Evolve</font></font></div><div class="spacer battle-history"><br></div><div class="battle-history">DanielG234 withdrew Green Christmas!<br></div><div class="battle-history">DanielG234 sent out Tank4eons (<strong>Vaporeon</strong>)!<br></div><div class="spacer battle-history"><br></div><div class="battle-history">Scarf Eruption used <strong>Substitute</strong>!<br></div><div class="battle-history"><small>Scarf Eruption put in a substitute!</small><br></div><div class="battle-history"><small>(Scarf Eruption lost <abbr title="−85/341">24.9%</abbr> of its health!)</small><br></div><div class="spacer battle-history"><br></div><div class="battle-history"><small>Scarf Eruption restored a little HP using its Leftovers!</small><br></div><div class="spacer battle-history"><br></div><h2 class="battle-history">Turn 5</h2><div class="spacer battle-history"><br></div><div class="battle-history">The opposing Tank4eons used <strong>Scald</strong>!<br></div><div class="battle-history"><small>Scarf Eruption's substitute faded!</small><br></div><div class="spacer battle-history"><br></div><div class="battle-history">Scarf Eruption used <strong>Toxic</strong>!<br></div><div class="battle-history"><small>The opposing Tank4eons avoided the attack!</small><br></div><div class="spacer battle-history"><br></div><div class="battle-history"><small>Scarf Eruption restored a little HP using its Leftovers!</small><br></div><div class="spacer battle-history"><br></div><h2 class="battle-history">Turn 6</h2><div class="spacer battle-history"><br></div><div class="battle-history">The opposing Tank4eons used <strong>Scald</strong>!<br></div><div class="battle-history"><small>(Scarf Eruption lost <abbr title="−135/341">39.6%</abbr> of its health!)</small><br></div><div class="spacer battle-history"><br></div><div class="battle-history">Scarf Eruption used <strong>Toxic</strong>!<br></div><div class="battle-history"><small>The opposing Tank4eons was badly poisoned!</small><br></div><div class="spacer battle-history"><br></div><div class="battle-history"><small>Scarf Eruption restored a little HP using its Leftovers!</small><br></div><div class="battle-history"><small>The opposing Tank4eons was hurt by poison!</small><br></div><div class="spacer battle-history"><br></div><h2 class="battle-history">Turn 7</h2><div class="spacer battle-history"><br></div><div class="battle-history">Scarf Eruption, come back!<br></div><div class="battle-history">Go! "Good in Webs" (<strong>S51-A</strong>)!<br></div><div class="spacer battle-history"><br></div><div class="battle-history">The opposing Tank4eons used <strong>Scald</strong>!<br></div><div class="battle-history"><small>("Good in Webs" lost <abbr title="−105/361">29.1%</abbr> of its health!)</small><br></div><div class="spacer battle-history"><br></div><div class="battle-history"><small>The opposing Tank4eons restored a little HP using its Leftovers!</small><br></div><div class="battle-history"><small>The opposing Tank4eons was hurt by poison!</small><br></div><div class="spacer battle-history"><br></div><h2 class="battle-history">Turn 8</h2><div class="spacer battle-history"><br></div><div class="battle-history"><small>"Good in Webs"'s Unidentified Fallen Object is reacting to UraniumSceptile's Mega Bracelet!</small><br>"Good in Webs" has Mega Evolved into Mega S51-A!<br></div><div class="spacer battle-history"><br></div><div class="battle-history">The opposing Tank4eons used <strong>Protect</strong>!<br></div><div class="battle-history"><small>The opposing Tank4eons protected itself!</small><br></div><div class="spacer battle-history"><br></div><div class="battle-history">"Good in Webs" used <strong>Psychic</strong>!<br></div><div class="battle-history"><small>The opposing Tank4eons protected itself!</small><br></div><div class="spacer battle-history"><br></div><div class="battle-history"><small>The opposing Tank4eons restored a little HP using its Leftovers!</small><br></div><div class="battle-history"><small>The opposing Tank4eons was hurt by poison!</small><br></div><div class="spacer battle-history"><br></div><h2 class="battle-history">Turn 9</h2><div class="spacer battle-history"><br></div><div class="battle-history">DanielG234 withdrew Tank4eons!<br></div><div class="battle-history">DanielG234 sent out Brainbot (<strong>S51-A</strong>)!<br></div><div class="spacer battle-history"><br></div><div class="battle-history">"Good in Webs" used <strong>Rapid Spin</strong>!<br></div><div class="battle-history"><small>It's not very effective...</small><br></div><div class="battle-history"><small>(The opposing Brainbot lost 1% of its health!)</small><br></div><div class="battle-history"><small>The sticky web has disappeared from the ground around your team!</small><br></div><div class="spacer battle-history"><br></div><h2 class="battle-history">Turn 10</h2><div class="spacer battle-history"><br></div><div class="battle-history">"Good in Webs", come back!<br></div><div class="battle-history">Go! Padding (<strong>Feliger</strong>)!<br></div><div class="spacer battle-history"><br></div><div class="battle-history">The opposing Brainbot used <strong>U-turn</strong>!<br></div><div class="battle-history"><small>(Padding lost <abbr title="−32/443">7.2%</abbr> of its health!)</small><br></div><div class="spacer battle-history"><br></div><div class="battle-history">The opposing Brainbot went back to DanielG234!<br></div><div class="battle-history">DanielG234 sent out Titanosaurus (<strong>Gyarados</strong>)!<br></div><div class="battle-history">[The opposing Titanosaurus's Intimidate]<br></div><div class="battle-history"><small>Padding's Attack fell!</small><br></div><div class="spacer battle-history"><br></div><h2 class="battle-history">Turn 11</h2><div class="spacer battle-history"><br></div><div class="battle-history"><small>The opposing Titanosaurus's Gyaradosite is reacting to DanielG234's Mega Bracelet!</small><br>The opposing Titanosaurus has Mega Evolved into Mega Gyarados!<br></div><div class="battle-history">[The opposing Titanosaurus's Mold Breaker]<br><small>The opposing Titanosaurus breaks the mold!</small><br></div><div class="spacer battle-history"><br></div><div class="battle-history">The opposing Titanosaurus used <strong>Dragon Dance</strong>!<br></div><div class="battle-history"><small>The opposing Titanosaurus's Attack rose!</small><br></div><div class="battle-history"><small>The opposing Titanosaurus's Speed rose!</small><br></div><div class="battle-history"><small>Padding woke up!</small><br></div><div class="spacer battle-history"><br></div><div class="battle-history">Padding used <strong>Return</strong>!<br></div><div class="battle-history"><small>(The opposing Titanosaurus lost 68% of its health!)</small><br></div><div class="spacer battle-history"><br></div><h2 class="battle-history">Turn 12</h2><div class="spacer battle-history"><br></div><div class="battle-history">The opposing Titanosaurus used <strong>Waterfall</strong>!<br></div><div class="battle-history"><small>(Padding lost <abbr title="−99/443">22.3%</abbr> of its health!)</small><br></div><div class="spacer battle-history"><br></div><div class="battle-history">Padding fainted!<br></div><div class="spacer battle-history"><br></div><div class="battle-history">Go! God King (<strong>Laissure</strong>)!<br></div><div class="battle-history">[God King's Intimidate]<br></div><div class="battle-history"><small>The opposing Titanosaurus's Attack fell!</small><br></div><div class="spacer battle-history"><br></div><h2 class="battle-history">Turn 13</h2><div class="spacer battle-history"><br></div><div class="battle-history">The opposing Titanosaurus used <strong>Waterfall</strong>!<br></div><div class="battle-history"><small>It's super effective!</small><br></div><div class="battle-history"><small>(God King lost <abbr title="−218/413">52.8%</abbr> of its health!)</small><br></div><div class="battle-history"><small>The opposing Titanosaurus was hurt by the Rocky Helmet!</small><br></div><div class="spacer battle-history"><br></div><div class="battle-history">God King used <strong>Dragon Tail</strong>!<br></div><div class="battle-history"><small>(The opposing Titanosaurus lost 16% of its health!)</small><br></div><div class="spacer battle-history"><br></div><div class="battle-history">The opposing Titanosaurus fainted!<br></div><div class="spacer battle-history"><br></div><div class="battle-history">DanielG234 sent out Thorn (<strong>Mismagius</strong>)!<br></div><div class="spacer battle-history"><br></div><h2 class="battle-history">Turn 14</h2><div class="spacer battle-history"><br></div><div class="battle-history">The opposing Thorn used <strong>Shadow Ball</strong>!<br></div><div class="battle-history"><small>(God King lost <abbr title="−118/413">28.6%</abbr> of its health!)</small><br></div><div class="spacer battle-history"><br></div><div class="battle-history">God King used <strong>Stealth Rock</strong>!<br></div><div class="battle-history"><small>Pointed stones float in the air around the opposing team!</small><br></div><div class="spacer battle-history"><br></div><h2 class="battle-history">Turn 15</h2><div class="spacer battle-history"><br></div><div class="battle-history">God King, come back!<br></div><div class="battle-history">Go! Voice (<strong>Luxelong</strong>)!<br></div><div class="spacer battle-history"><br></div><div class="battle-history">The opposing Thorn used <strong>Shadow Ball</strong>!<br></div><div class="battle-history"><small>(Voice lost <abbr title="−91/401">22.7%</abbr> of its health!)</small><br></div><div class="spacer battle-history"><br></div><h2 class="battle-history">Turn 16</h2><div class="spacer battle-history"><br></div><div class="battle-history">DanielG234 withdrew Thorn!<br></div><div class="battle-history">DanielG234 sent out Brainbot (<strong>S51-A</strong>)!<br></div><div class="battle-history"><small>Pointed stones dug into the opposing Brainbot!</small><br></div><div class="spacer battle-history"><br></div><div class="battle-history">Voice used <strong>Substitute</strong>!<br></div><div class="battle-history"><small>Voice put in a substitute!</small><br></div><div class="battle-history"><small>(Voice lost <abbr title="−100/401">24.9%</abbr> of its health!)</small><br></div><div class="spacer battle-history"><br></div><h2 class="battle-history">Turn 17</h2><div class="spacer battle-history"><br></div><div class="battle-history">Voice used <strong>Baton Pass</strong>!<br></div><div class="spacer battle-history"><br></div><div class="battle-history">Go! "Good in Webs" (<strong>S51-A-Mega</strong>)!<br></div><div class="spacer battle-history"><br></div><div class="battle-history">The opposing Brainbot used <strong>Flash Cannon</strong>!<br></div><div class="battle-history"><small>It's not very effective...</small><br></div><div class="battle-history"><small>The substitute took damage for "Good in Webs"!</small><br></div><div class="spacer battle-history"><br></div><h2 class="battle-history">Turn 18</h2><div class="spacer battle-history"><br></div><div class="battle-history">"Good in Webs" used <strong>Nasty Plot</strong>!<br></div><div class="battle-history"><small>"Good in Webs"'s Sp. Atk rose sharply!</small><br></div><div class="spacer battle-history"><br></div><div class="battle-history">The opposing Brainbot used <strong>Rapid Spin</strong>!<br></div><div class="battle-history"><small>It's not very effective...</small><br></div><div class="battle-history"><small>The substitute took damage for "Good in Webs"!</small><br></div><div class="battle-history"><small>The pointed stones disappeared from around the opposing team!</small><br></div><div class="spacer battle-history"><br></div><h2 class="battle-history">Turn 19</h2><div class="spacer battle-history"><br></div><div class="battle-history">"Good in Webs" used <strong>Thunderbolt</strong>!<br></div><div class="battle-history"><small>(The opposing Brainbot lost 60% of its health!)</small><br></div><div class="battle-history"><small>The opposing Brainbot is paralyzed! It may be unable to move!</small><br></div><div class="spacer battle-history"><br></div><div class="battle-history">The opposing Brainbot used <strong>Flash Cannon</strong>!<br></div><div class="battle-history"><small>It's not very effective...</small><br></div><div class="battle-history"><small>"Good in Webs"'s substitute faded!</small><br></div><div class="spacer battle-history"><br></div><h2 class="battle-history">Turn 20</h2><div class="spacer battle-history"><br></div><div class="battle-history">"Good in Webs" used <strong>Thunderbolt</strong>!<br></div><div class="battle-history"><small>(The opposing Brainbot lost 33% of its health!)</small><br></div><div class="spacer battle-history"><br></div><div class="battle-history">The opposing Brainbot fainted!<br></div><div class="spacer battle-history"><br></div><div class="battle-history">DanielG234 sent out Green Christmas (<strong>Frikitiki</strong>)!<br></div><div class="spacer battle-history"><br></div><h2 class="battle-history">Turn 21</h2><div class="spacer battle-history"><br></div><div class="battle-history">The opposing Green Christmas used <strong>Flame Impact</strong>!<br></div><div class="battle-history"><small>It's super effective!</small><br></div><div class="battle-history"><small>("Good in Webs" lost <abbr title="−256/361">70.9%</abbr> of its health!)</small><br></div><div class="spacer battle-history"><br></div><div class="battle-history">"Good in Webs" fainted!<br></div><div class="battle-history"><small>The opposing Green Christmas lost some of its HP!</small><br></div><div class="spacer battle-history"><br></div><div class="battle-history">Go! Scarf Eruption (<strong>Lavent</strong>)!<br></div><div class="spacer battle-history"><br></div><h2 class="battle-history">Turn 22</h2><div class="spacer battle-history"><br></div><div class="battle-history">DanielG234 withdrew Green Christmas!<br></div><div class="battle-history">DanielG234 sent out Tank4eons (<strong>Vaporeon</strong>)!<br></div><div class="spacer battle-history"><br></div><div class="battle-history">Scarf Eruption used <strong>Flamethrower</strong>!<br></div><div class="battle-history"><small>It's not very effective...</small><br></div><div class="battle-history"><small>(The opposing Tank4eons lost 16% of its health!)</small><br></div><div class="spacer battle-history"><br></div><div class="battle-history"><small>Scarf Eruption restored a little HP using its Leftovers!</small><br></div><div class="battle-history"><small>The opposing Tank4eons restored a little HP using its Leftovers!</small><br></div><div class="battle-history"><small>The opposing Tank4eons was hurt by poison!</small><br></div><div class="spacer battle-history"><br></div><h2 class="battle-history">Turn 23</h2><div class="spacer battle-history"><br></div><div class="battle-history">Scarf Eruption, come back!<br></div><div class="battle-history">Go! Voice (<strong>Luxelong</strong>)!<br></div><div class="spacer battle-history"><br></div><div class="battle-history">The opposing Tank4eons used <strong>Baton Pass</strong>!<br></div><div class="spacer battle-history"><br></div><div class="battle-history">DanielG234 sent out Green Christmas (<strong>Frikitiki</strong>)!<br></div><div class="spacer battle-history"><br></div><h2 class="battle-history">Turn 24</h2><div class="spacer battle-history"><br></div><div class="battle-history">Voice, come back!<br></div><div class="battle-history">Go! God King (<strong>Laissure</strong>)!<br></div><div class="battle-history">[God King's Intimidate]<br></div><div class="battle-history"><small>The opposing Green Christmas's Attack fell!</small><br></div><div class="spacer battle-history"><br></div><div class="battle-history">The opposing Green Christmas used <strong>Swords Dance</strong>!<br></div><div class="battle-history"><small>The opposing Green Christmas's Attack rose sharply!</small><br></div><div class="spacer battle-history"><br></div><h2 class="battle-history">Turn 25</h2><div class="spacer battle-history"><br></div><div class="battle-history">The opposing Green Christmas used <strong>Bullet Seed</strong>!<br></div><div class="battle-history"><small>It's super effective!</small><br></div><div class="battle-history"><small>(God King lost <abbr title="−77/413">18.6%</abbr> of its health!)</small><br></div><div class="spacer battle-history"><br></div><div class="battle-history">God King fainted!<br></div><div class="battle-history"><small>The Pokémon was hit 1 time!</small><br></div><div class="battle-history"><small>The opposing Green Christmas lost some of its HP!</small><br></div><div class="spacer battle-history"><br></div><div class="battle-history">Go! Scarf Eruption (<strong>Lavent</strong>)!<br></div><div class="spacer battle-history"><br></div><h2 class="battle-history">Turn 26</h2><div class="spacer battle-history"><br></div><div class="battle-history">DanielG234 withdrew Green Christmas!<br></div><div class="battle-history">DanielG234 sent out Tank4eons (<strong>Vaporeon</strong>)!<br></div><div class="spacer battle-history"><br></div><div class="battle-history">Scarf Eruption used <strong>Flamethrower</strong>!<br></div><div class="battle-history"><small>It's not very effective...</small><br></div><div class="battle-history"><small>(The opposing Tank4eons lost 15% of its health!)</small><br></div><div class="spacer battle-history"><br></div><div class="battle-history"><small>Scarf Eruption restored a little HP using its Leftovers!</small><br></div><div class="battle-history"><small>The opposing Tank4eons restored a little HP using its Leftovers!</small><br></div><div class="battle-history"><small>The opposing Tank4eons was hurt by poison!</small><br></div><div class="spacer battle-history"><br></div><h2 class="battle-history">Turn 27</h2><div class="spacer battle-history"><br></div><div class="battle-history">Scarf Eruption used <strong>Substitute</strong>!<br></div><div class="battle-history"><small>Scarf Eruption put in a substitute!</small><br></div><div class="battle-history"><small>(Scarf Eruption lost <abbr title="−85/341">24.9%</abbr> of its health!)</small><br></div><div class="spacer battle-history"><br></div><div class="battle-history">The opposing Tank4eons used <strong>Wish</strong>!<br></div><div class="spacer battle-history"><br></div><div class="battle-history"><small>Scarf Eruption restored a little HP using its Leftovers!</small><br></div><div class="battle-history"><small>The opposing Tank4eons restored a little HP using its Leftovers!</small><br></div><div class="battle-history"><small>The opposing Tank4eons was hurt by poison!</small><br></div><div class="spacer battle-history"><br></div><h2 class="battle-history">Turn 28</h2><div class="spacer battle-history"><br></div><div class="battle-history">Scarf Eruption used <strong>Flamethrower</strong>!<br></div><div class="battle-history"><small>It's not very effective...</small><br></div><div class="battle-history"><small>(The opposing Tank4eons lost 17% of its health!)</small><br></div><div class="spacer battle-history"><br></div><div class="battle-history">The opposing Tank4eons used <strong>Scald</strong>!<br></div><div class="battle-history"><small>Scarf Eruption's substitute faded!</small><br></div><div class="spacer battle-history"><br></div><div class="battle-history"><small>Tank4eons's wish came true!</small><br></div><div class="battle-history"><small>Scarf Eruption restored a little HP using its Leftovers!</small><br></div><div class="battle-history"><small>The opposing Tank4eons restored a little HP using its Leftovers!</small><br></div><div class="battle-history"><small>The opposing Tank4eons was hurt by poison!</small><br></div><div class="spacer battle-history"><br></div><h2 class="battle-history">Turn 29</h2><div class="spacer battle-history"><br></div><div class="battle-history">Scarf Eruption used <strong>Taunt</strong>!<br></div><div class="battle-history"><small>The opposing Tank4eons fell for the taunt!</small><br></div><div class="spacer battle-history"><br></div><div class="battle-history">The opposing Tank4eons used <strong>Scald</strong>!<br></div><div class="battle-history"><small>(Scarf Eruption lost <abbr title="−136/341">39.9%</abbr> of its health!)</small><br></div><div class="spacer battle-history"><br></div><div class="battle-history"><small>Scarf Eruption restored a little HP using its Leftovers!</small><br></div><div class="battle-history"><small>The opposing Tank4eons restored a little HP using its Leftovers!</small><br></div><div class="battle-history"><small>The opposing Tank4eons was hurt by poison!</small><br></div><div class="spacer battle-history"><br></div><h2 class="battle-history">Turn 30</h2><div class="spacer battle-history"><br></div><div class="battle-history">Scarf Eruption, come back!<br></div><div class="battle-history">Go! Hornet (<strong>Luchabra</strong>)!<br></div><div class="spacer battle-history"><br></div><div class="battle-history">The opposing Tank4eons used <strong>Scald</strong>!<br></div><div class="battle-history"><small>(Hornet lost <abbr title="−123/423">29.1%</abbr> of its health!)</small><br></div><div class="spacer battle-history"><br></div><div class="battle-history"><small>Hornet restored a little HP using its Black Sludge!</small><br></div><div class="battle-history"><small>The opposing Tank4eons restored a little HP using its Leftovers!</small><br></div><div class="battle-history"><small>The opposing Tank4eons was hurt by poison!</small><br></div><div class="spacer battle-history"><br></div><h2 class="battle-history">Turn 31</h2><div class="spacer battle-history"><br></div><div class="battle-history">Hornet used <strong>Knock Off</strong>!<br></div><div class="battle-history"><small>(The opposing Tank4eons lost 17% of its health!)</small><br></div><div class="battle-history"><small>Hornet knocked off the opposing Tank4eons's Leftovers!</small><br></div><div class="spacer battle-history"><br></div><div class="battle-history">The opposing Tank4eons fainted!<br></div><div class="spacer battle-history"><br></div><div class="battle-history"><small>Hornet restored a little HP using its Black Sludge!</small><br></div><div class="spacer battle-history"><br></div><div class="battle-history">DanielG234 sent out Thorn (<strong>Mismagius</strong>)!<br></div><div class="spacer battle-history"><br></div><h2 class="battle-history">Turn 32</h2><div class="spacer battle-history"><br></div><div class="battle-history">The opposing Thorn used <strong>Psychic</strong>!<br></div><div class="battle-history"><small>It's super effective!</small><br></div><div class="battle-history"><small>(Hornet lost <abbr title="−352/423">83.2%</abbr> of its health!)</small><br></div><div class="spacer battle-history"><br></div><div class="battle-history">Hornet fainted!<br></div><div class="spacer battle-history"><br></div><div class="battle-history">Go! Voice (<strong>Luxelong</strong>)!<br></div><div class="spacer battle-history"><br></div><h2 class="battle-history">Turn 33</h2><div class="spacer battle-history"><br></div><div class="battle-history">The opposing Thorn used <strong>Shadow Ball</strong>!<br></div><div class="battle-history"><small>(Voice lost <abbr title="−88/401">21.9%</abbr> of its health!)</small><br></div><div class="battle-history"><small>Voice's Sp. Def fell!</small><br></div><div class="spacer battle-history"><br></div><div class="battle-history">Voice used <strong>Substitute</strong>!<br></div><div class="battle-history"><small>Voice put in a substitute!</small><br></div><div class="battle-history"><small>(Voice lost <abbr title="−100/401">24.9%</abbr> of its health!)</small><br></div><div class="spacer battle-history"><br></div><h2 class="battle-history">Turn 34</h2><div class="spacer battle-history"><br></div><div class="battle-history">The opposing Thorn used <strong>Shadow Ball</strong>!<br></div><div class="battle-history"><small>Voice's substitute faded!</small><br></div><div class="spacer battle-history"><br></div><div class="battle-history">Voice used <strong>Baton Pass</strong>!<br></div><div class="spacer battle-history"><br></div><div class="battle-history">Go! Scarf Eruption (<strong>Lavent</strong>)!<br></div><div class="spacer battle-history"><br></div><div class="battle-history"><small>Scarf Eruption restored a little HP using its Leftovers!</small><br></div><div class="spacer battle-history"><br></div><h2 class="battle-history">Turn 35</h2><div class="spacer battle-history"><br></div><div class="battle-history">Scarf Eruption, come back!<br></div><div class="battle-history">Go! Voice (<strong>Luxelong</strong>)!<br></div><div class="spacer battle-history"><br></div><div class="battle-history">The opposing Thorn used <strong>Shadow Ball</strong>!<br></div><div class="battle-history"><small>(Voice lost <abbr title="−87/401">21.7%</abbr> of its health!)</small><br></div><div class="battle-history"><small>Voice's Sp. Def fell!</small><br></div><div class="spacer battle-history"><br></div><h2 class="battle-history">Turn 36</h2><div class="chat chatmessage-uraniumsceptile mine"><strong style="color:#2591d4"><small>☆</small><span class="username" data-name="UraniumSceptile">UraniumSceptile</span>:</strong> <em>stop</em></div><div class="chat chatmessage-danielg234"><strong style="color:#3d9444"><small>☆</small><span class="username" data-name="DanielG234">DanielG234</span>:</strong> <em>no</em></div><div class="spacer battle-history"><br></div><div class="battle-history">The opposing Thorn used <strong>Memento</strong>!<br></div><div class="battle-history"><small>Voice's Attack fell harshly!</small><br></div><div class="battle-history"><small>Voice's Sp. Atk fell harshly!</small><br></div><div class="spacer battle-history"><br></div><div class="battle-history">The opposing Thorn fainted!<br></div><div class="battle-history">Voice used <strong>Baton Pass</strong>!<br></div><div class="spacer battle-history"><br></div><div class="battle-history">Go! Scarf Eruption (<strong>Lavent</strong>)!<br></div><div class="spacer battle-history"><br></div><div class="battle-history"><small>Scarf Eruption restored a little HP using its Leftovers!</small><br></div><div class="spacer battle-history"><br></div><div class="battle-history">DanielG234 sent out Green Christmas (<strong>Frikitiki</strong>)!<br></div><div class="spacer battle-history"><br></div><h2 class="battle-history">Turn 37</h2><div class="spacer battle-history"><br></div><div class="battle-history">The opposing Green Christmas used <strong>Iron Head</strong>!<br></div><div class="battle-history"><small>It's not very effective...</small><br></div><div class="battle-history"><small>(Scarf Eruption lost <abbr title="−77/341">22.6%</abbr> of its health!)</small><br></div><div class="battle-history"><small>The opposing Green Christmas lost some of its HP!</small><br></div><div class="spacer battle-history"><br></div><div class="battle-history">Scarf Eruption used <strong>Flamethrower</strong>!<br></div><div class="battle-history"><small>(The opposing Green Christmas lost 48% of its health!)</small><br></div><div class="spacer battle-history"><br></div><div class="battle-history"><small>Scarf Eruption restored a little HP using its Leftovers!</small><br></div><div class="spacer battle-history"><br></div><h2 class="battle-history">Turn 38</h2><div class="spacer battle-history"><br></div><div class="battle-history">The opposing Green Christmas used <strong>Iron Head</strong>!<br></div><div class="battle-history"><small>It's not very effective...</small><br></div><div class="battle-history"><small>A critical hit!</small><br></div><div class="battle-history"><small>(Scarf Eruption lost <abbr title="−37/341">10.9%</abbr> of its health!)</small><br></div><div class="spacer battle-history"><br></div><div class="battle-history">Scarf Eruption fainted!<br></div><div class="battle-history"><small>The opposing Green Christmas lost some of its HP!</small><br></div><div class="spacer battle-history"><br></div><div class="battle-history">Go! Voice (<strong>Luxelong</strong>)!<br></div><div class="spacer battle-history"><br></div><h2 class="battle-history">Turn 39</h2><div class="spacer battle-history"><br></div><div class="battle-history">The opposing Green Christmas used <strong>Iron Head</strong>!<br></div><div class="battle-history"><small>It's super effective!</small><br></div><div class="battle-history"><small>(Voice ate its Babiri Berry!)</small><br></div><div class="battle-history"><small>The Babiri Berry weakened the damage to Voice!</small><br></div><div class="battle-history"><small>(Voice lost <abbr title="−148/401">36.9%</abbr> of its health!)</small><br></div><div class="battle-history"><small>The opposing Green Christmas lost some of its HP!</small><br></div><div class="spacer battle-history"><br></div><div class="battle-history">The opposing Green Christmas fainted!<br></div><div class="spacer battle-history"><br></div><div class="battle-history"><strong>UraniumSceptile</strong> won the battle!<br></div><div class="chat chatmessage-uraniumsceptile mine"><strong style="color:#2591d4"><small>☆</small><span class="username" data-name="UraniumSceptile">UraniumSceptile</span>:</strong> <em>gg</em></div><div class="chat chatmessage-danielg234"><strong style="color:#3d9444"><small>☆</small><span class="username" data-name="DanielG234">DanielG234</span>:</strong> <em>gg</em></div></div><div class="inner-preempt message-log"></div></div></div>
</div>
<script>
let daily = Math.floor(Date.now()/1000/60/60/24);document.write('<script src="https://cdn.jsdelivr.net/gh/eriedaberrie/pokemon-showdown-client@master/js/replay-embed.template.js?version'+daily+'" onerror="let defaultscript = document.createElement(\'script\'); defaultscript.src = \'https://play.pokemonshowdown.com/js/replay-embed.template.js?version\'+daily; defaultscript.onload = function () {alert(\'Custom Uranium script failed to load, defaulted to regular showdown graphics.\');}; document.head.appendChild(defaultscript);"></'+'script>');
</script>
<script async src='/cdn-cgi/bm/cv/669835187/api.js'></script><script type="text/javascript">(function(){window['__CF$cv$params']={r:'6d886fdbcedb7d6b',m:'vczNah6eu69OOltq4YC19mzir1jKBV8i7krFi16P3.Y-1644025292-0-AW2pmuUYic+KYxHy7iQvfdMZqep/YYvwHbXh3a0PcOJKtRZjMUCPyHcpLTsJKi6uYK7dQv4L8p0+6IxP59VkTRYeWw5zk0s2q05jmOpcSkD9bXipDFSVSXJxEkDd4hFt3Eh1uol6fcdA/0Vs5W+aIe2Sh1iVx7OfJZGBqiVcI4d2gQUw5t5XJAPeDWNF5NEl2rdynEdwr4pUc4aS5Y+804sGJlsthNVYl6J+XAzDbpnvbZj0rJ2NSLh30xHLLAIPmQ==',s:[0x83ad26120b,0x3d4de9dd1c],}})();</script>