<!DOCTYPE html>
<meta charset="utf-8" />
<!-- version 1 -->
<title>[Gen 6] Gamma replay: pikakip379 vs. Andyv2.0</title>
<style>
html,body {font-family:Verdana, sans-serif;font-size:10pt;margin:0;padding:0;}body{padding:12px 0;} .battle-log {font-family:Verdana, sans-serif;font-size:10pt;} .battle-log-inline {border:1px solid #AAAAAA;background:#EEF2F5;color:black;max-width:640px;margin:0 auto 80px;padding-bottom:5px;} .battle-log .inner {padding:4px 8px 0px 8px;} .battle-log .inner-preempt {padding:0 8px 4px 8px;} .battle-log .inner-after {margin-top:0.5em;} .battle-log h2 {margin:0.5em -8px;padding:4px 8px;border:1px solid #AAAAAA;background:#E0E7EA;border-left:0;border-right:0;font-family:Verdana, sans-serif;font-size:13pt;} .battle-log .chat {vertical-align:middle;padding:3px 0 3px 0;font-size:8pt;} .battle-log .chat strong {color:#40576A;} .battle-log .chat em {padding:1px 4px 1px 3px;color:#000000;font-style:normal;} .chat.mine {background:rgba(0,0,0,0.05);margin-left:-8px;margin-right:-8px;padding-left:8px;padding-right:8px;} .spoiler {color:#BBBBBB;background:#BBBBBB;padding:0px 3px;} .spoiler:hover, .spoiler:active, .spoiler-shown {color:#000000;background:#E2E2E2;padding:0px 3px;} .spoiler a {color:#BBBBBB;} .spoiler:hover a, .spoiler:active a, .spoiler-shown a {color:#2288CC;} .chat code, .chat .spoiler:hover code, .chat .spoiler:active code, .chat .spoiler-shown code {border:1px solid #C0C0C0;background:#EEEEEE;color:black;padding:0 2px;} .chat .spoiler code {border:1px solid #CCCCCC;background:#CCCCCC;color:#CCCCCC;} .battle-log .rated {padding:3px 4px;} .battle-log .rated strong {color:white;background:#89A;padding:1px 4px;border-radius:4px;} .spacer {margin-top:0.5em;} .message-announce {background:#6688AA;color:white;padding:1px 4px 2px;} .message-announce a, .broadcast-green a, .broadcast-blue a, .broadcast-red a {color:#DDEEFF;} .broadcast-green {background-color:#559955;color:white;padding:2px 4px;} .broadcast-blue {background-color:#6688AA;color:white;padding:2px 4px;} .infobox {border:1px solid #6688AA;padding:2px 4px;} .infobox-limited {max-height:200px;overflow:auto;overflow-x:hidden;} .broadcast-red {background-color:#AA5544;color:white;padding:2px 4px;} .message-learn-canlearn {font-weight:bold;color:#228822;text-decoration:underline;} .message-learn-cannotlearn {font-weight:bold;color:#CC2222;text-decoration:underline;} .message-effect-weak {font-weight:bold;color:#CC2222;} .message-effect-resist {font-weight:bold;color:#6688AA;} .message-effect-immune {font-weight:bold;color:#666666;} .message-learn-list {margin-top:0;margin-bottom:0;} .message-throttle-notice, .message-error {color:#992222;} .message-overflow, .chat small.message-overflow {font-size:0pt;} .message-overflow::before {font-size:9pt;content:'...';} .subtle {color:#3A4A66;}
</style>
<div class="wrapper replay-wrapper" style="max-width:1180px;margin:0 auto">
<input type="hidden" name="replayid" value="unregisteredserver-gen6gamma-368-183xnz1bv8kne91r8licdil1ya60idvpw" />
<div class="battle"></div><div class="battle-log"></div><div class="replay-controls"></div><div class="replay-controls-2"></div>
<h1 style="font-weight:normal;text-align:center"><strong>[Gen 6] Gamma</strong><br /><a href="http://pokemonshowdown.com/users/pikakip379" class="subtle" target="_blank">pikakip379</a> vs. <a href="http://pokemonshowdown.com/users/andyv20" class="subtle" target="_blank">Andyv2.0</a></h1>
<script type="text/plain" class="battle-log-data">|j|☆pikakip379
|j|☆Andyv2.0
|t:|1644115482
|gametype|singles
|player|p1|pikakip379|vitor|
|player|p2|Andyv2.0|101|
|teamsize|p1|6
|teamsize|p2|6
|gen|6
|tier|[Gen 6] Gamma
|rule|Sleep Clause Mod: Limit one foe put to sleep
|rule|Species Clause: Limit one of each Pokémon
|rule|OHKO Clause: OHKO moves are banned
|rule|Moody Clause: Moody is banned
|rule|Evasion Moves Clause: Evasion moves are banned
|rule|Endless Battle Clause: Forcing endless battles is banned
|rule|HP Percentage Mod: HP is shown in percentages
|rule|Nuclear Clause Mod: Non-Nuclear Pokémon can't use Nuclear-type moves
|rule|Soft Baton Pass Mod: Baton Pass doesn't pass positive stat boosts
|clearpoke
|poke|p1|Nimflora, M|item
|poke|p1|Paraboom, F|item
|poke|p1|Baariette, M|item
|poke|p1|Metalynx, F|item
|poke|p1|Floatzel, M|item
|poke|p1|Barand, F|item
|poke|p2|Alpico, M|item
|poke|p2|Espeon, F|item
|poke|p2|Vilucard-Mystery, F|item
|poke|p2|Stenowatt, F|item
|poke|p2|Dermafrost, F|item
|poke|p2|Beliaddon, M|item
|teampreview
|c|☆Andyv2.0|glhf
|j| awesome Hornet
|c| awesome Hornet|Good luck boys  
|j| UraniumSceptile
|j|&eriedaradberrie
|c|☆Andyv2.0|Shall we start now?
|c|☆pikakip379|ye
|
|t:|1644115652
|start
|switch|p1a: hood classic|Nimflora, M, shiny|100\/100
|switch|p2a: Durex|Dermafrost, F|100\/100
|turn|1
|c|&eriedaradberrie|whats the modchat command again
|c| awesome Hornet|modchat +
|c|☆pikakip379|idk
|raw|<div class="broadcast-red"><strong>Moderated chat was set to +!<\/strong><br \/>Only users of rank + and higher can talk.<\/div>
|c|☆pikakip379|oh
|c|☆Andyv2.0|:thumbsup:
|
|t:|1644115685
|switch|p1a: Yuoaman|Baariette, M|100\/100
|move|p2a: Durex|Rock Blast|p1a: Yuoaman
|-resisted|p1a: Yuoaman
|-damage|p1a: Yuoaman|93\/100
|-resisted|p1a: Yuoaman
|-damage|p1a: Yuoaman|87\/100
|-hitcount|p1a: Yuoaman|2
|
|upkeep
|turn|2
|
|t:|1644115717
|detailschange|p1a: Yuoaman|Baariette-Mega, M
|-mega|p1a: Yuoaman|Baariette|Baariettite
|move|p2a: Durex|Stealth Rock|p1a: Yuoaman
|-sidestart|p1: pikakip379|move: Stealth Rock
|move|p1a: Yuoaman|Knock Off|p2a: Durex
|-damage|p2a: Durex|51\/100
|-enditem|p2a: Durex|Salac Berry|[from] move: Knock Off|[of] p1a: Yuoaman
|-heal|p1a: Yuoaman|93\/100|[from] ability: Blood Lust|[of] p2a: Durex
|
|upkeep
|turn|3
|c|☆pikakip379|wait you can NOT bring your mega?
|c|☆Andyv2.0|Yes.
|c|☆pikakip379|huh
|c|☆pikakip379|will try and rember that
|
|t:|1644115784
|switch|p2a: Hello Kitty|Espeon, F|100\/100
|move|p1a: Yuoaman|Drain Punch|p2a: Hello Kitty
|-resisted|p2a: Hello Kitty
|-damage|p2a: Hello Kitty|57\/100
|-heal|p1a: Yuoaman|100\/100|[from] drain|[of] p2a: Hello Kitty
|
|upkeep
|turn|4
|
|t:|1644115798
|move|p1a: Yuoaman|Knock Off|p2a: Hello Kitty
|-supereffective|p2a: Hello Kitty
|-damage|p2a: Hello Kitty|0 fnt
|-enditem|p2a: Hello Kitty|Focus Sash|[from] move: Knock Off|[of] p1a: Yuoaman
|faint|p2a: Hello Kitty
|
|upkeep
|
|t:|1644115817
|switch|p2a: Mike Oxlong|Alpico, M|100\/100
|turn|5
|
|t:|1644115824
|move|p2a: Mike Oxlong|Moonblast|p1a: Yuoaman
|-supereffective|p1a: Yuoaman
|-damage|p1a: Yuoaman|0 fnt
|faint|p1a: Yuoaman
|
|upkeep
|c|☆pikakip379|oh
|
|t:|1644115832
|switch|p1a: hood classic|Nimflora, M, shiny|100\/100
|-damage|p1a: hood classic|76\/100|[from] Stealth Rock
|turn|6
|c|☆pikakip379|gentleman to let me set up webs? \/j
|
|t:|1644115858
|move|p2a: Mike Oxlong|Frost Breath|p1a: hood classic
|-crit|p1a: hood classic
|-damage|p1a: hood classic|0 fnt
|faint|p1a: hood classic
|
|upkeep
|
|t:|1644115876
|switch|p1a: Kity|Metalynx, F, shiny|100\/100
|-damage|p1a: Kity|94\/100|[from] Stealth Rock
|turn|7
|
|t:|1644115903
|switch|p2a: Durex|Dermafrost, F|51\/100
|move|p1a: Kity|Substitute|p1a: Kity
|-start|p1a: Kity|Substitute
|-damage|p1a: Kity|69\/100
|
|-heal|p1a: Kity|76\/100|[from] item: Leftovers
|upkeep
|turn|8
|
|t:|1644115914
|move|p2a: Durex|Knock Off|p1a: Kity
|-activate|p1a: Kity|move: Substitute|[damage]
|move|p1a: Kity|Leech Seed|p2a: Durex
|-start|p2a: Durex|move: Leech Seed
|
|-heal|p1a: Kity|82\/100|[from] item: Leftovers
|-damage|p2a: Durex|38\/100|[from] Leech Seed|[of] p1a: Kity
|-heal|p1a: Kity|93\/100|[silent]
|upkeep
|turn|9
|
|t:|1644115930
|move|p2a: Durex|Knock Off|p1a: Kity
|-end|p1a: Kity|Substitute
|move|p1a: Kity|Substitute|p1a: Kity
|-start|p1a: Kity|Substitute
|-damage|p1a: Kity|68\/100
|
|-heal|p1a: Kity|74\/100|[from] item: Leftovers
|-damage|p2a: Durex|26\/100|[from] Leech Seed|[of] p1a: Kity
|-heal|p1a: Kity|85\/100|[silent]
|upkeep
|turn|10
|
|t:|1644115963
|switch|p2a: Hellboy|Beliaddon, M|100\/100
|move|p1a: Kity|Meteor Mash|p2a: Hellboy
|-resisted|p2a: Hellboy
|-damage|p2a: Hellboy|88\/100
|-boost|p1a: Kity|atk|1
|
|-heal|p1a: Kity|91\/100|[from] item: Leftovers
|upkeep
|turn|11
|
|t:|1644115982
|move|p2a: Hellboy|Infernal Blade|p1a: Kity
|-supereffective|p1a: Kity
|-end|p1a: Kity|Substitute
|move|p1a: Kity|Leech Seed|p2a: Hellboy
|-start|p2a: Hellboy|move: Leech Seed
|
|-heal|p1a: Kity|97\/100|[from] item: Leftovers
|-damage|p2a: Hellboy|76\/100|[from] Leech Seed|[of] p1a: Kity
|-heal|p1a: Kity|100\/100|[silent]
|upkeep
|turn|12
|
|t:|1644116017
|switch|p2a: Amperaptor|Stenowatt, F|100\/100
|switch|p1a: Pika|Floatzel, M|100\/100
|-damage|p1a: Pika|88\/100|[from] Stealth Rock
|
|upkeep
|turn|13
|c|☆pikakip379|omg
|
|t:|1644116034
|switch|p1a: Kity|Metalynx, F, shiny|100\/100
|-damage|p1a: Kity|94\/100|[from] Stealth Rock
|move|p2a: Amperaptor|Extreme Speed|p1a: Kity
|-resisted|p1a: Kity
|-damage|p1a: Kity|75\/100
|
|-heal|p1a: Kity|82\/100|[from] item: Leftovers
|upkeep
|turn|14
|
|t:|1644116059
|switch|p2a: Hellboy|Beliaddon, M|76\/100
|move|p1a: Kity|Substitute|p1a: Kity
|-start|p1a: Kity|Substitute
|-damage|p1a: Kity|57\/100
|
|-heal|p1a: Kity|63\/100|[from] item: Leftovers
|upkeep
|turn|15
|
|t:|1644116071
|move|p2a: Hellboy|Drain Punch|p1a: Kity
|-supereffective|p1a: Kity
|-end|p1a: Kity|Substitute
|-heal|p2a: Hellboy|87\/100|[from] drain|[of] p1a: Kity
|move|p1a: Kity|Leech Seed|p2a: Hellboy
|-start|p2a: Hellboy|move: Leech Seed
|
|-heal|p1a: Kity|69\/100|[from] item: Leftovers
|-damage|p2a: Hellboy|74\/100|[from] Leech Seed|[of] p1a: Kity
|-heal|p1a: Kity|83\/100|[silent]
|upkeep
|turn|16
|
|t:|1644116097
|move|p2a: Hellboy|Drain Punch|p1a: Kity
|-supereffective|p1a: Kity
|-damage|p1a: Kity|46\/100
|-heal|p2a: Hellboy|90\/100|[from] drain|[of] p1a: Kity
|move|p1a: Kity|Substitute|p1a: Kity
|-start|p1a: Kity|Substitute
|-damage|p1a: Kity|22\/100
|
|-heal|p1a: Kity|28\/100|[from] item: Leftovers
|-damage|p2a: Hellboy|78\/100|[from] Leech Seed|[of] p1a: Kity
|-heal|p1a: Kity|42\/100|[silent]
|upkeep
|turn|17
|
|t:|1644116113
|move|p2a: Hellboy|Drain Punch|p1a: Kity
|-supereffective|p1a: Kity
|-end|p1a: Kity|Substitute
|-heal|p2a: Hellboy|89\/100|[from] drain|[of] p1a: Kity
|move|p1a: Kity|Substitute|p1a: Kity
|-start|p1a: Kity|Substitute
|-damage|p1a: Kity|17\/100
|
|-heal|p1a: Kity|23\/100|[from] item: Leftovers
|-damage|p2a: Hellboy|76\/100|[from] Leech Seed|[of] p1a: Kity
|-heal|p1a: Kity|38\/100|[silent]
|upkeep
|turn|18
|
|t:|1644116123
|move|p2a: Hellboy|Drain Punch|p1a: Kity
|-supereffective|p1a: Kity
|-end|p1a: Kity|Substitute
|-heal|p2a: Hellboy|87\/100|[from] drain|[of] p1a: Kity
|move|p1a: Kity|Substitute|p1a: Kity
|-start|p1a: Kity|Substitute
|-damage|p1a: Kity|13\/100
|
|-heal|p1a: Kity|19\/100|[from] item: Leftovers
|-damage|p2a: Hellboy|74\/100|[from] Leech Seed|[of] p1a: Kity
|-heal|p1a: Kity|34\/100|[silent]
|upkeep
|turn|19
|
|t:|1644116145
|move|p2a: Hellboy|Drain Punch|p1a: Kity
|-supereffective|p1a: Kity
|-end|p1a: Kity|Substitute
|-heal|p2a: Hellboy|85\/100|[from] drain|[of] p1a: Kity
|move|p1a: Kity|Substitute|p1a: Kity
|-start|p1a: Kity|Substitute
|-damage|p1a: Kity|9\/100
|
|-heal|p1a: Kity|15\/100|[from] item: Leftovers
|-damage|p2a: Hellboy|73\/100|[from] Leech Seed|[of] p1a: Kity
|-heal|p1a: Kity|29\/100|[silent]
|upkeep
|turn|20
|
|t:|1644116159
|move|p2a: Hellboy|Drain Punch|p1a: Kity
|-supereffective|p1a: Kity
|-end|p1a: Kity|Substitute
|-heal|p2a: Hellboy|84\/100|[from] drain|[of] p1a: Kity
|move|p1a: Kity|Substitute|p1a: Kity
|-start|p1a: Kity|Substitute
|-damage|p1a: Kity|5\/100
|
|-heal|p1a: Kity|11\/100|[from] item: Leftovers
|-damage|p2a: Hellboy|71\/100|[from] Leech Seed|[of] p1a: Kity
|-heal|p1a: Kity|25\/100|[silent]
|upkeep
|turn|21
|
|t:|1644116185
|move|p2a: Hellboy|Drain Punch|p1a: Kity
|-supereffective|p1a: Kity
|-end|p1a: Kity|Substitute
|-heal|p2a: Hellboy|82\/100|[from] drain|[of] p1a: Kity
|move|p1a: Kity|Substitute|p1a: Kity
|-fail|p1a: Kity|move: Substitute|[weak]
|
|-heal|p1a: Kity|31\/100|[from] item: Leftovers
|-damage|p2a: Hellboy|70\/100|[from] Leech Seed|[of] p1a: Kity
|-heal|p1a: Kity|46\/100|[silent]
|upkeep
|turn|22
|
|t:|1644116200
|switch|p1a: Pika|Floatzel, M|88\/100
|-damage|p1a: Pika|76\/100|[from] Stealth Rock
|move|p2a: Hellboy|Infernal Blade|p1a: Pika
|-resisted|p1a: Pika
|-damage|p1a: Pika|39\/100
|
|-damage|p2a: Hellboy|57\/100|[from] Leech Seed|[of] p1a: Pika
|-heal|p1a: Pika|57\/100|[silent]
|upkeep
|turn|23
|
|t:|1644116214
|switch|p2a: Durex|Dermafrost, F|26\/100
|move|p1a: Pika|Waterfall|p2a: Durex
|-supereffective|p2a: Durex
|-damage|p2a: Durex|0 fnt
|faint|p2a: Durex
|
|upkeep
|
|t:|1644116248
|switch|p2a: Amperaptor|Stenowatt, F|100\/100
|turn|24
|
|t:|1644116264
|switch|p1a: Kity|Metalynx, F, shiny|46\/100
|-damage|p1a: Kity|40\/100|[from] Stealth Rock
|move|p2a: Amperaptor|Wild Charge|p1a: Kity
|-resisted|p1a: Kity
|-damage|p1a: Kity|20\/100
|-damage|p2a: Amperaptor|95\/100|[from] Recoil
|
|-heal|p1a: Kity|26\/100|[from] item: Leftovers
|upkeep
|turn|25
|
|t:|1644116285
|move|p2a: Amperaptor|Wild Charge|p1a: Kity
|-resisted|p1a: Kity
|-damage|p1a: Kity|3\/100
|-damage|p2a: Amperaptor|89\/100|[from] Recoil
|move|p1a: Kity|Leech Seed|p2a: Amperaptor
|-start|p2a: Amperaptor|move: Leech Seed
|
|-heal|p1a: Kity|9\/100|[from] item: Leftovers
|-damage|p2a: Amperaptor|76\/100|[from] Leech Seed|[of] p1a: Kity
|-heal|p1a: Kity|21\/100|[silent]
|upkeep
|turn|26
|
|t:|1644116304
|move|p2a: Amperaptor|Wild Charge|p1a: Kity
|-resisted|p1a: Kity
|-damage|p1a: Kity|0 fnt
|faint|p1a: Kity
|-damage|p2a: Amperaptor|71\/100|[from] Recoil
|
|upkeep
|
|t:|1644116312
|switch|p1a: KILL|Barand, F, shiny|100\/100
|-damage|p1a: KILL|88\/100|[from] Stealth Rock
|turn|27
|
|t:|1644116362
|switch|p2a: Dr. Acula|Vilucard-Mystery, F|100\/100
|move|p1a: KILL|Extreme Speed|p2a: Dr. Acula
|-damage|p2a: Dr. Acula|49\/100
|
|upkeep
|turn|28
|
|t:|1644116382
|move|p1a: KILL|Extreme Speed|p2a: Dr. Acula
|-damage|p2a: Dr. Acula|0 fnt
|faint|p2a: Dr. Acula
|
|upkeep
|
|t:|1644116389
|switch|p2a: Amperaptor|Stenowatt, F|71\/100
|turn|29
|
|t:|1644116415
|switch|p1a: Pika|Floatzel, M|57\/100
|-damage|p1a: Pika|45\/100|[from] Stealth Rock
|move|p2a: Amperaptor|Extreme Speed|p1a: Pika
|-damage|p1a: Pika|0 fnt
|faint|p1a: Pika
|
|upkeep
|
|t:|1644116421
|switch|p1a: REEEEEE|Paraboom, F, shiny|100\/100
|-damage|p1a: REEEEEE|88\/100|[from] Stealth Rock
|turn|30
|
|t:|1644116442
|move|p2a: Amperaptor|Extreme Speed|p1a: REEEEEE
|-damage|p1a: REEEEEE|21\/100
|move|p1a: REEEEEE|Boomburst|p2a: Amperaptor
|-damage|p2a: Amperaptor|0 fnt
|faint|p2a: Amperaptor
|
|upkeep
|
|t:|1644116454
|switch|p2a: Hellboy|Beliaddon, M|57\/100
|turn|31
|
|t:|1644116472
|move|p1a: REEEEEE|Boomburst|p2a: Hellboy
|-damage|p2a: Hellboy|9\/100
|move|p2a: Hellboy|Knock Off|p1a: REEEEEE
|-supereffective|p1a: REEEEEE
|-damage|p1a: REEEEEE|0 fnt
|-enditem|p1a: REEEEEE|Choice Specs|[from] move: Knock Off|[of] p2a: Hellboy
|faint|p1a: REEEEEE
|
|upkeep
|
|t:|1644116476
|switch|p1a: KILL|Barand, F, shiny|88\/100
|-damage|p1a: KILL|76\/100|[from] Stealth Rock
|turn|32
|c|☆pikakip379|ggs
|
|t:|1644116492
|move|p1a: KILL|Extreme Speed|p2a: Hellboy
|-damage|p2a: Hellboy|0 fnt
|faint|p2a: Hellboy
|
|upkeep
|
|t:|1644116497
|switch|p2a: Mike Oxlong|Alpico, M|100\/100
|turn|33
|
|t:|1644116503
|move|p1a: KILL|Extreme Speed|p2a: Mike Oxlong
|-crit|p2a: Mike Oxlong
|-damage|p2a: Mike Oxlong|33\/100
|move|p2a: Mike Oxlong|Moonblast|p1a: KILL
|-supereffective|p1a: KILL
|-damage|p1a: KILL|0 fnt
|faint|p1a: KILL
|
|win|Andyv2.0
|c|☆pikakip379|gg
|c|☆Andyv2.0|gg
|l|&eriedaradberrie
|j|&eriedaradberrie

|L| UraniumSceptile</script>
</div>
<div class="battle-log battle-log-inline"><div class="inner"><div class="battle-options"><div style="padding-top: 3px; padding-right: 3px; text-align: right"><button class="icon button" name="openBattleOptions" title="Options">Battle Options</button></div></div><div class="inner message-log"><div class="chat"><small>☆pikakip379 and ☆Andyv2.0 joined</small></div><div class=""><small>Format:</small> <br><strong>[Gen 6] Gamma</strong></div><div class=""><small><em>Sleep Clause Mod:</em> Limit one foe put to sleep</small></div><div class=""><small><em>Species Clause:</em> Limit one of each Pokémon</small></div><div class=""><small><em>OHKO Clause:</em> OHKO moves are banned</small></div><div class=""><small><em>Moody Clause:</em> Moody is banned</small></div><div class=""><small><em>Evasion Moves Clause:</em> Evasion moves are banned</small></div><div class=""><small><em>Endless Battle Clause:</em> Forcing endless battles is banned</small></div><div class=""><small><em>HP Percentage Mod:</em> HP is shown in percentages</small></div><div class=""><small><em>Nuclear Clause Mod:</em> Non-Nuclear Pokémon can't use Nuclear-type moves</small></div><div class=""><small><em>Soft Baton Pass Mod:</em> Baton Pass doesn't pass positive stat boosts</small></div><div class="chat battle-history"><strong>pikakip379's team:</strong> <em style="color:#445566;display:block;">Nimflora / Paraboom / Baariette / Metalynx / Floatzel / Barand</em></div><div class="chat battle-history"><strong>Andyv2.0's team:</strong> <em style="color:#445566;display:block;">Alpico / Espeon / Vilucard-Mystery / Stenowatt / Dermafrost / Beliaddon</em></div><div class="chat chatmessage-andyv20"><strong style="color:#c66e2f"><small>☆</small><span class="username" data-name="Andyv2.0">Andyv2.0</span>:</strong> <em>glhf</em></div><div class="chat"><small> awesome Hornet joined</small></div><div class="chat chatmessage-awesomehornet"><strong style="color:#734bd1"><small> </small><span class="username" data-name="awesome Hornet">awesome Hornet</span>:</strong> <em>Good luck boys  </em></div><div class="chat"><small> UraniumSceptile and &amp;eriedaradberrie joined</small></div><div class="chat chatmessage-andyv20"><strong style="color:#c66e2f"><small>☆</small><span class="username" data-name="Andyv2.0">Andyv2.0</span>:</strong> <em>Shall we start now?</em></div><div class="chat chatmessage-pikakip379"><strong style="color:#3ca310"><small>☆</small><span class="username" data-name="pikakip379">pikakip379</span>:</strong> <em>ye</em></div><div class="spacer battle-history"><br></div><div class="battle-history">Battle started between pikakip379 and Andyv2.0!<br></div><div class="spacer battle-history"><br></div><div class="battle-history">Go! hood classic (<strong>Nimflora</strong>)!<br></div><div class="spacer battle-history"><br></div><div class="battle-history">Andyv2.0 sent out Durex (<strong>Dermafrost</strong>)!<br></div><div class="spacer battle-history"><br></div><h2 class="battle-history">Turn 1</h2><div class="chat chatmessage-eriedaradberrie mine"><strong style="color:#5174c8"><small>&amp;</small><span class="username" data-name="eriedaradberrie">eriedaradberrie</span>:</strong> <em>whats the modchat command again</em></div><div class="chat chatmessage-awesomehornet"><strong style="color:#734bd1"><small> </small><span class="username" data-name="awesome Hornet">awesome Hornet</span>:</strong> <em>modchat +</em></div><div class="chat chatmessage-pikakip379"><strong style="color:#3ca310"><small>☆</small><span class="username" data-name="pikakip379">pikakip379</span>:</strong> <em>idk</em></div><div class="chat"><div class="broadcast-red"><strong>Moderated chat was set to +!</strong><br>Only users of rank + and higher can talk.</div></div><div class="chat chatmessage-pikakip379"><strong style="color:#3ca310"><small>☆</small><span class="username" data-name="pikakip379">pikakip379</span>:</strong> <em>oh</em></div><div class="chat chatmessage-andyv20"><strong style="color:#c66e2f"><small>☆</small><span class="username" data-name="Andyv2.0">Andyv2.0</span>:</strong> <em>:thumbsup:</em></div><div class="spacer battle-history"><br></div><div class="battle-history">hood classic, come back!<br></div><div class="battle-history">Go! Yuoaman (<strong>Baariette</strong>)!<br></div><div class="spacer battle-history"><br></div><div class="battle-history">The opposing Durex used <strong>Rock Blast</strong>!<br></div><div class="battle-history"><small>It's not very effective...</small><br></div><div class="battle-history"><small>(Yuoaman lost 7% of its health!)</small><br></div><div class="battle-history"><small>It's not very effective...</small><br></div><div class="battle-history"><small>(Yuoaman lost 6% of its health!)</small><br></div><div class="battle-history"><small>The Pokémon was hit 2 times!</small><br></div><div class="spacer battle-history"><br></div><h2 class="battle-history">Turn 2</h2><div class="spacer battle-history"><br></div><div class="battle-history"><small>Yuoaman's Baariettite is reacting to pikakip379's Mega Bracelet!</small><br>Yuoaman has Mega Evolved into Mega Baariette!<br></div><div class="spacer battle-history"><br></div><div class="battle-history">The opposing Durex used <strong>Stealth Rock</strong>!<br></div><div class="battle-history"><small>Pointed stones float in the air around your team!</small><br></div><div class="spacer battle-history"><br></div><div class="battle-history">Yuoaman used <strong>Knock Off</strong>!<br></div><div class="battle-history"><small>(The opposing Durex lost 49% of its health!)</small><br></div><div class="battle-history"><small>Yuoaman knocked off the opposing Durex's Salac Berry!</small><br></div><div class="battle-history">[Yuoaman's Blood Lust]<br><small>Yuoaman had its HP restored.</small><br></div><div class="spacer battle-history"><br></div><h2 class="battle-history">Turn 3</h2><div class="chat chatmessage-pikakip379"><strong style="color:#3ca310"><small>☆</small><span class="username" data-name="pikakip379">pikakip379</span>:</strong> <em>wait you can NOT bring your mega?</em></div><div class="chat chatmessage-andyv20"><strong style="color:#c66e2f"><small>☆</small><span class="username" data-name="Andyv2.0">Andyv2.0</span>:</strong> <em>Yes.</em></div><div class="chat chatmessage-pikakip379"><strong style="color:#3ca310"><small>☆</small><span class="username" data-name="pikakip379">pikakip379</span>:</strong> <em>huh</em></div><div class="chat chatmessage-pikakip379"><strong style="color:#3ca310"><small>☆</small><span class="username" data-name="pikakip379">pikakip379</span>:</strong> <em>will try and rember that</em></div><div class="spacer battle-history"><br></div><div class="battle-history">Andyv2.0 withdrew Durex!<br></div><div class="battle-history">Andyv2.0 sent out Hello Kitty (<strong>Espeon</strong>)!<br></div><div class="spacer battle-history"><br></div><div class="battle-history">Yuoaman used <strong>Drain Punch</strong>!<br></div><div class="battle-history"><small>It's not very effective...</small><br></div><div class="battle-history"><small>(The opposing Hello Kitty lost 43% of its health!)</small><br></div><div class="battle-history"><small>The opposing Hello Kitty had its energy drained!</small><br></div><div class="spacer battle-history"><br></div><h2 class="battle-history">Turn 4</h2><div class="spacer battle-history"><br></div><div class="battle-history">Yuoaman used <strong>Knock Off</strong>!<br></div><div class="battle-history"><small>It's super effective!</small><br></div><div class="battle-history"><small>(The opposing Hello Kitty lost 57% of its health!)</small><br></div><div class="battle-history"><small>Yuoaman knocked off the opposing Hello Kitty's Focus Sash!</small><br></div><div class="spacer battle-history"><br></div><div class="battle-history">The opposing Hello Kitty fainted!<br></div><div class="spacer battle-history"><br></div><div class="battle-history">Andyv2.0 sent out Mike Oxlong (<strong>Alpico</strong>)!<br></div><div class="spacer battle-history"><br></div><h2 class="battle-history">Turn 5</h2><div class="spacer battle-history"><br></div><div class="battle-history">The opposing Mike Oxlong used <strong>Moonblast</strong>!<br></div><div class="battle-history"><small>It's super effective!</small><br></div><div class="battle-history"><small>(Yuoaman lost 100% of its health!)</small><br></div><div class="spacer battle-history"><br></div><div class="battle-history">Yuoaman fainted!<br></div><div class="chat chatmessage-pikakip379"><strong style="color:#3ca310"><small>☆</small><span class="username" data-name="pikakip379">pikakip379</span>:</strong> <em>oh</em></div><div class="spacer battle-history"><br></div><div class="battle-history">Go! hood classic (<strong>Nimflora</strong>)!<br></div><div class="battle-history"><small>Pointed stones dug into hood classic!</small><br></div><div class="spacer battle-history"><br></div><h2 class="battle-history">Turn 6</h2><div class="chat chatmessage-pikakip379"><strong style="color:#3ca310"><small>☆</small><span class="username" data-name="pikakip379">pikakip379</span>:</strong> <em>gentleman to let me set up webs? /j</em></div><div class="spacer battle-history"><br></div><div class="battle-history">The opposing Mike Oxlong used <strong>Frost Breath</strong>!<br></div><div class="battle-history"><small>A critical hit!</small><br></div><div class="battle-history"><small>(hood classic lost 76% of its health!)</small><br></div><div class="spacer battle-history"><br></div><div class="battle-history">hood classic fainted!<br></div><div class="spacer battle-history"><br></div><div class="battle-history">Go! Kity (<strong>Metalynx</strong>)!<br></div><div class="battle-history"><small>Pointed stones dug into Kity!</small><br></div><div class="spacer battle-history"><br></div><h2 class="battle-history">Turn 7</h2><div class="spacer battle-history"><br></div><div class="battle-history">Andyv2.0 withdrew Mike Oxlong!<br></div><div class="battle-history">Andyv2.0 sent out Durex (<strong>Dermafrost</strong>)!<br></div><div class="spacer battle-history"><br></div><div class="battle-history">Kity used <strong>Substitute</strong>!<br></div><div class="battle-history"><small>Kity put in a substitute!</small><br></div><div class="battle-history"><small>(Kity lost 25% of its health!)</small><br></div><div class="spacer battle-history"><br></div><div class="battle-history"><small>Kity restored a little HP using its Leftovers!</small><br></div><div class="spacer battle-history"><br></div><h2 class="battle-history">Turn 8</h2><div class="spacer battle-history"><br></div><div class="battle-history">The opposing Durex used <strong>Knock Off</strong>!<br></div><div class="battle-history"><small>The substitute took damage for Kity!</small><br></div><div class="spacer battle-history"><br></div><div class="battle-history">Kity used <strong>Leech Seed</strong>!<br></div><div class="battle-history"><small>The opposing Durex was seeded!</small><br></div><div class="spacer battle-history"><br></div><div class="battle-history"><small>Kity restored a little HP using its Leftovers!</small><br></div><div class="battle-history"><small>The opposing Durex's health is sapped by Leech Seed!</small><br></div><div class="spacer battle-history"><br></div><h2 class="battle-history">Turn 9</h2><div class="spacer battle-history"><br></div><div class="battle-history">The opposing Durex used <strong>Knock Off</strong>!<br></div><div class="battle-history"><small>Kity's substitute faded!</small><br></div><div class="spacer battle-history"><br></div><div class="battle-history">Kity used <strong>Substitute</strong>!<br></div><div class="battle-history"><small>Kity put in a substitute!</small><br></div><div class="battle-history"><small>(Kity lost 25% of its health!)</small><br></div><div class="spacer battle-history"><br></div><div class="battle-history"><small>Kity restored a little HP using its Leftovers!</small><br></div><div class="battle-history"><small>The opposing Durex's health is sapped by Leech Seed!</small><br></div><div class="spacer battle-history"><br></div><h2 class="battle-history">Turn 10</h2><div class="spacer battle-history"><br></div><div class="battle-history">Andyv2.0 withdrew Durex!<br></div><div class="battle-history">Andyv2.0 sent out Hellboy (<strong>Beliaddon</strong>)!<br></div><div class="spacer battle-history"><br></div><div class="battle-history">Kity used <strong>Meteor Mash</strong>!<br></div><div class="battle-history"><small>It's not very effective...</small><br></div><div class="battle-history"><small>(The opposing Hellboy lost 12% of its health!)</small><br></div><div class="battle-history"><small>Kity's Attack rose!</small><br></div><div class="spacer battle-history"><br></div><div class="battle-history"><small>Kity restored a little HP using its Leftovers!</small><br></div><div class="spacer battle-history"><br></div><h2 class="battle-history">Turn 11</h2><div class="spacer battle-history"><br></div><div class="battle-history">The opposing Hellboy used <strong>Infernal Blade</strong>!<br></div><div class="battle-history"><small>It's super effective!</small><br></div><div class="battle-history"><small>Kity's substitute faded!</small><br></div><div class="spacer battle-history"><br></div><div class="battle-history">Kity used <strong>Leech Seed</strong>!<br></div><div class="battle-history"><small>The opposing Hellboy was seeded!</small><br></div><div class="spacer battle-history"><br></div><div class="battle-history"><small>Kity restored a little HP using its Leftovers!</small><br></div><div class="battle-history"><small>The opposing Hellboy's health is sapped by Leech Seed!</small><br></div><div class="spacer battle-history"><br></div><h2 class="battle-history">Turn 12</h2><div class="spacer battle-history"><br></div><div class="battle-history">Andyv2.0 withdrew Hellboy!<br></div><div class="battle-history">Andyv2.0 sent out Amperaptor (<strong>Stenowatt</strong>)!<br></div><div class="spacer battle-history"><br></div><div class="battle-history">Kity, come back!<br></div><div class="battle-history">Go! Pika (<strong>Floatzel</strong>)!<br></div><div class="battle-history"><small>Pointed stones dug into Pika!</small><br></div><div class="spacer battle-history"><br></div><h2 class="battle-history">Turn 13</h2><div class="chat chatmessage-pikakip379"><strong style="color:#3ca310"><small>☆</small><span class="username" data-name="pikakip379">pikakip379</span>:</strong> <em>omg</em></div><div class="spacer battle-history"><br></div><div class="battle-history">Pika, come back!<br></div><div class="battle-history">Go! Kity (<strong>Metalynx</strong>)!<br></div><div class="battle-history"><small>Pointed stones dug into Kity!</small><br></div><div class="spacer battle-history"><br></div><div class="battle-history">The opposing Amperaptor used <strong>Extreme Speed</strong>!<br></div><div class="battle-history"><small>It's not very effective...</small><br></div><div class="battle-history"><small>(Kity lost 19% of its health!)</small><br></div><div class="spacer battle-history"><br></div><div class="battle-history"><small>Kity restored a little HP using its Leftovers!</small><br></div><div class="spacer battle-history"><br></div><h2 class="battle-history">Turn 14</h2><div class="spacer battle-history"><br></div><div class="battle-history">Andyv2.0 withdrew Amperaptor!<br></div><div class="battle-history">Andyv2.0 sent out Hellboy (<strong>Beliaddon</strong>)!<br></div><div class="spacer battle-history"><br></div><div class="battle-history">Kity used <strong>Substitute</strong>!<br></div><div class="battle-history"><small>Kity put in a substitute!</small><br></div><div class="battle-history"><small>(Kity lost 25% of its health!)</small><br></div><div class="spacer battle-history"><br></div><div class="battle-history"><small>Kity restored a little HP using its Leftovers!</small><br></div><div class="spacer battle-history"><br></div><h2 class="battle-history">Turn 15</h2><div class="spacer battle-history"><br></div><div class="battle-history">The opposing Hellboy used <strong>Drain Punch</strong>!<br></div><div class="battle-history"><small>It's super effective!</small><br></div><div class="battle-history"><small>Kity's substitute faded!</small><br></div><div class="battle-history"><small>Kity had its energy drained!</small><br></div><div class="spacer battle-history"><br></div><div class="battle-history">Kity used <strong>Leech Seed</strong>!<br></div><div class="battle-history"><small>The opposing Hellboy was seeded!</small><br></div><div class="spacer battle-history"><br></div><div class="battle-history"><small>Kity restored a little HP using its Leftovers!</small><br></div><div class="battle-history"><small>The opposing Hellboy's health is sapped by Leech Seed!</small><br></div><div class="spacer battle-history"><br></div><h2 class="battle-history">Turn 16</h2><div class="spacer battle-history"><br></div><div class="battle-history">The opposing Hellboy used <strong>Drain Punch</strong>!<br></div><div class="battle-history"><small>It's super effective!</small><br></div><div class="battle-history"><small>(Kity lost 37% of its health!)</small><br></div><div class="battle-history"><small>Kity had its energy drained!</small><br></div><div class="spacer battle-history"><br></div><div class="battle-history">Kity used <strong>Substitute</strong>!<br></div><div class="battle-history"><small>Kity put in a substitute!</small><br></div><div class="battle-history"><small>(Kity lost 24% of its health!)</small><br></div><div class="spacer battle-history"><br></div><div class="battle-history"><small>Kity restored a little HP using its Leftovers!</small><br></div><div class="battle-history"><small>The opposing Hellboy's health is sapped by Leech Seed!</small><br></div><div class="spacer battle-history"><br></div><h2 class="battle-history">Turn 17</h2><div class="spacer battle-history"><br></div><div class="battle-history">The opposing Hellboy used <strong>Drain Punch</strong>!<br></div><div class="battle-history"><small>It's super effective!</small><br></div><div class="battle-history"><small>Kity's substitute faded!</small><br></div><div class="battle-history"><small>Kity had its energy drained!</small><br></div><div class="spacer battle-history"><br></div><div class="battle-history">Kity used <strong>Substitute</strong>!<br></div><div class="battle-history"><small>Kity put in a substitute!</small><br></div><div class="battle-history"><small>(Kity lost 25% of its health!)</small><br></div><div class="spacer battle-history"><br></div><div class="battle-history"><small>Kity restored a little HP using its Leftovers!</small><br></div><div class="battle-history"><small>The opposing Hellboy's health is sapped by Leech Seed!</small><br></div><div class="spacer battle-history"><br></div><h2 class="battle-history">Turn 18</h2><div class="spacer battle-history"><br></div><div class="battle-history">The opposing Hellboy used <strong>Drain Punch</strong>!<br></div><div class="battle-history"><small>It's super effective!</small><br></div><div class="battle-history"><small>Kity's substitute faded!</small><br></div><div class="battle-history"><small>Kity had its energy drained!</small><br></div><div class="spacer battle-history"><br></div><div class="battle-history">Kity used <strong>Substitute</strong>!<br></div><div class="battle-history"><small>Kity put in a substitute!</small><br></div><div class="battle-history"><small>(Kity lost 25% of its health!)</small><br></div><div class="spacer battle-history"><br></div><div class="battle-history"><small>Kity restored a little HP using its Leftovers!</small><br></div><div class="battle-history"><small>The opposing Hellboy's health is sapped by Leech Seed!</small><br></div><div class="spacer battle-history"><br></div><h2 class="battle-history">Turn 19</h2><div class="spacer battle-history"><br></div><div class="battle-history">The opposing Hellboy used <strong>Drain Punch</strong>!<br></div><div class="battle-history"><small>It's super effective!</small><br></div><div class="battle-history"><small>Kity's substitute faded!</small><br></div><div class="battle-history"><small>Kity had its energy drained!</small><br></div><div class="spacer battle-history"><br></div><div class="battle-history">Kity used <strong>Substitute</strong>!<br></div><div class="battle-history"><small>Kity put in a substitute!</small><br></div><div class="battle-history"><small>(Kity lost 25% of its health!)</small><br></div><div class="spacer battle-history"><br></div><div class="battle-history"><small>Kity restored a little HP using its Leftovers!</small><br></div><div class="battle-history"><small>The opposing Hellboy's health is sapped by Leech Seed!</small><br></div><div class="spacer battle-history"><br></div><h2 class="battle-history">Turn 20</h2><div class="spacer battle-history"><br></div><div class="battle-history">The opposing Hellboy used <strong>Drain Punch</strong>!<br></div><div class="battle-history"><small>It's super effective!</small><br></div><div class="battle-history"><small>Kity's substitute faded!</small><br></div><div class="battle-history"><small>Kity had its energy drained!</small><br></div><div class="spacer battle-history"><br></div><div class="battle-history">Kity used <strong>Substitute</strong>!<br></div><div class="battle-history"><small>Kity put in a substitute!</small><br></div><div class="battle-history"><small>(Kity lost 24% of its health!)</small><br></div><div class="spacer battle-history"><br></div><div class="battle-history"><small>Kity restored a little HP using its Leftovers!</small><br></div><div class="battle-history"><small>The opposing Hellboy's health is sapped by Leech Seed!</small><br></div><div class="spacer battle-history"><br></div><h2 class="battle-history">Turn 21</h2><div class="spacer battle-history"><br></div><div class="battle-history">The opposing Hellboy used <strong>Drain Punch</strong>!<br></div><div class="battle-history"><small>It's super effective!</small><br></div><div class="battle-history"><small>Kity's substitute faded!</small><br></div><div class="battle-history"><small>Kity had its energy drained!</small><br></div><div class="spacer battle-history"><br></div><div class="battle-history">Kity used <strong>Substitute</strong>!<br></div><div class="battle-history"><small>But it does not have enough HP left to make a substitute!</small><br></div><div class="spacer battle-history"><br></div><div class="battle-history"><small>Kity restored a little HP using its Leftovers!</small><br></div><div class="battle-history"><small>The opposing Hellboy's health is sapped by Leech Seed!</small><br></div><div class="spacer battle-history"><br></div><h2 class="battle-history">Turn 22</h2><div class="spacer battle-history"><br></div><div class="battle-history">Kity, come back!<br></div><div class="battle-history">Go! Pika (<strong>Floatzel</strong>)!<br></div><div class="battle-history"><small>Pointed stones dug into Pika!</small><br></div><div class="spacer battle-history"><br></div><div class="battle-history">The opposing Hellboy used <strong>Infernal Blade</strong>!<br></div><div class="battle-history"><small>It's not very effective...</small><br></div><div class="battle-history"><small>(Pika lost 37% of its health!)</small><br></div><div class="spacer battle-history"><br></div><div class="battle-history"><small>The opposing Hellboy's health is sapped by Leech Seed!</small><br></div><div class="spacer battle-history"><br></div><h2 class="battle-history">Turn 23</h2><div class="spacer battle-history"><br></div><div class="battle-history">Andyv2.0 withdrew Hellboy!<br></div><div class="battle-history">Andyv2.0 sent out Durex (<strong>Dermafrost</strong>)!<br></div><div class="spacer battle-history"><br></div><div class="battle-history">Pika used <strong>Waterfall</strong>!<br></div><div class="battle-history"><small>It's super effective!</small><br></div><div class="battle-history"><small>(The opposing Durex lost 26% of its health!)</small><br></div><div class="spacer battle-history"><br></div><div class="battle-history">The opposing Durex fainted!<br></div><div class="spacer battle-history"><br></div><div class="battle-history">Andyv2.0 sent out Amperaptor (<strong>Stenowatt</strong>)!<br></div><div class="spacer battle-history"><br></div><h2 class="battle-history">Turn 24</h2><div class="spacer battle-history"><br></div><div class="battle-history">Pika, come back!<br></div><div class="battle-history">Go! Kity (<strong>Metalynx</strong>)!<br></div><div class="battle-history"><small>Pointed stones dug into Kity!</small><br></div><div class="spacer battle-history"><br></div><div class="battle-history">The opposing Amperaptor used <strong>Wild Charge</strong>!<br></div><div class="battle-history"><small>It's not very effective...</small><br></div><div class="battle-history"><small>(Kity lost 20% of its health!)</small><br></div><div class="battle-history"><small>The opposing Amperaptor was damaged by the recoil!</small><br></div><div class="spacer battle-history"><br></div><div class="battle-history"><small>Kity restored a little HP using its Leftovers!</small><br></div><div class="spacer battle-history"><br></div><h2 class="battle-history">Turn 25</h2><div class="spacer battle-history"><br></div><div class="battle-history">The opposing Amperaptor used <strong>Wild Charge</strong>!<br></div><div class="battle-history"><small>It's not very effective...</small><br></div><div class="battle-history"><small>(Kity lost 23% of its health!)</small><br></div><div class="battle-history"><small>The opposing Amperaptor was damaged by the recoil!</small><br></div><div class="spacer battle-history"><br></div><div class="battle-history">Kity used <strong>Leech Seed</strong>!<br></div><div class="battle-history"><small>The opposing Amperaptor was seeded!</small><br></div><div class="spacer battle-history"><br></div><div class="battle-history"><small>Kity restored a little HP using its Leftovers!</small><br></div><div class="battle-history"><small>The opposing Amperaptor's health is sapped by Leech Seed!</small><br></div><div class="spacer battle-history"><br></div><h2 class="battle-history">Turn 26</h2><div class="spacer battle-history"><br></div><div class="battle-history">The opposing Amperaptor used <strong>Wild Charge</strong>!<br></div><div class="battle-history"><small>It's not very effective...</small><br></div><div class="battle-history"><small>(Kity lost 21% of its health!)</small><br></div><div class="spacer battle-history"><br></div><div class="battle-history">Kity fainted!<br></div><div class="battle-history"><small>The opposing Amperaptor was damaged by the recoil!</small><br></div><div class="spacer battle-history"><br></div><div class="battle-history">Go! KILL (<strong>Barand</strong>)!<br></div><div class="battle-history"><small>Pointed stones dug into KILL!</small><br></div><div class="spacer battle-history"><br></div><h2 class="battle-history">Turn 27</h2><div class="spacer battle-history"><br></div><div class="battle-history">Andyv2.0 withdrew Amperaptor!<br></div><div class="battle-history">Andyv2.0 sent out Dr. Acula (<strong>Vilucard-Mystery</strong>)!<br></div><div class="spacer battle-history"><br></div><div class="battle-history">KILL used <strong>Extreme Speed</strong>!<br></div><div class="battle-history"><small>(The opposing Dr. Acula lost 51% of its health!)</small><br></div><div class="spacer battle-history"><br></div><h2 class="battle-history">Turn 28</h2><div class="spacer battle-history"><br></div><div class="battle-history">KILL used <strong>Extreme Speed</strong>!<br></div><div class="battle-history"><small>(The opposing Dr. Acula lost 49% of its health!)</small><br></div><div class="spacer battle-history"><br></div><div class="battle-history">The opposing Dr. Acula fainted!<br></div><div class="spacer battle-history"><br></div><div class="battle-history">Andyv2.0 sent out Amperaptor (<strong>Stenowatt</strong>)!<br></div><div class="spacer battle-history"><br></div><h2 class="battle-history">Turn 29</h2><div class="spacer battle-history"><br></div><div class="battle-history">KILL, come back!<br></div><div class="battle-history">Go! Pika (<strong>Floatzel</strong>)!<br></div><div class="battle-history"><small>Pointed stones dug into Pika!</small><br></div><div class="spacer battle-history"><br></div><div class="battle-history">The opposing Amperaptor used <strong>Extreme Speed</strong>!<br></div><div class="battle-history"><small>(Pika lost 45% of its health!)</small><br></div><div class="spacer battle-history"><br></div><div class="battle-history">Pika fainted!<br></div><div class="spacer battle-history"><br></div><div class="battle-history">Go! REEEEEE (<strong>Paraboom</strong>)!<br></div><div class="battle-history"><small>Pointed stones dug into REEEEEE!</small><br></div><div class="spacer battle-history"><br></div><h2 class="battle-history">Turn 30</h2><div class="spacer battle-history"><br></div><div class="battle-history">The opposing Amperaptor used <strong>Extreme Speed</strong>!<br></div><div class="battle-history"><small>(REEEEEE lost 67% of its health!)</small><br></div><div class="spacer battle-history"><br></div><div class="battle-history">REEEEEE used <strong>Boomburst</strong>!<br></div><div class="battle-history"><small>(The opposing Amperaptor lost 71% of its health!)</small><br></div><div class="spacer battle-history"><br></div><div class="battle-history">The opposing Amperaptor fainted!<br></div><div class="spacer battle-history"><br></div><div class="battle-history">Andyv2.0 sent out Hellboy (<strong>Beliaddon</strong>)!<br></div><div class="spacer battle-history"><br></div><h2 class="battle-history">Turn 31</h2><div class="spacer battle-history"><br></div><div class="battle-history">REEEEEE used <strong>Boomburst</strong>!<br></div><div class="battle-history"><small>(The opposing Hellboy lost 48% of its health!)</small><br></div><div class="spacer battle-history"><br></div><div class="battle-history">The opposing Hellboy used <strong>Knock Off</strong>!<br></div><div class="battle-history"><small>It's super effective!</small><br></div><div class="battle-history"><small>(REEEEEE lost 21% of its health!)</small><br></div><div class="battle-history"><small>The opposing Hellboy knocked off REEEEEE's Choice Specs!</small><br></div><div class="spacer battle-history"><br></div><div class="battle-history">REEEEEE fainted!<br></div><div class="spacer battle-history"><br></div><div class="battle-history">Go! KILL (<strong>Barand</strong>)!<br></div><div class="battle-history"><small>Pointed stones dug into KILL!</small><br></div><div class="spacer battle-history"><br></div><h2 class="battle-history">Turn 32</h2><div class="chat chatmessage-pikakip379"><strong style="color:#3ca310"><small>☆</small><span class="username" data-name="pikakip379">pikakip379</span>:</strong> <em>ggs</em></div><div class="spacer battle-history"><br></div><div class="battle-history">KILL used <strong>Extreme Speed</strong>!<br></div><div class="battle-history"><small>(The opposing Hellboy lost 9% of its health!)</small><br></div><div class="spacer battle-history"><br></div><div class="battle-history">The opposing Hellboy fainted!<br></div><div class="spacer battle-history"><br></div><div class="battle-history">Andyv2.0 sent out Mike Oxlong (<strong>Alpico</strong>)!<br></div><div class="spacer battle-history"><br></div><h2 class="battle-history">Turn 33</h2><div class="spacer battle-history"><br></div><div class="battle-history">KILL used <strong>Extreme Speed</strong>!<br></div><div class="battle-history"><small>A critical hit!</small><br></div><div class="battle-history"><small>(The opposing Mike Oxlong lost 67% of its health!)</small><br></div><div class="spacer battle-history"><br></div><div class="battle-history">The opposing Mike Oxlong used <strong>Moonblast</strong>!<br></div><div class="battle-history"><small>It's super effective!</small><br></div><div class="battle-history"><small>(KILL lost 76% of its health!)</small><br></div><div class="spacer battle-history"><br></div><div class="battle-history">KILL fainted!<br></div><div class="spacer battle-history"><br></div><div class="battle-history"><strong>Andyv2.0</strong> won the battle!<br></div><div class="chat chatmessage-pikakip379"><strong style="color:#3ca310"><small>☆</small><span class="username" data-name="pikakip379">pikakip379</span>:</strong> <em>gg</em></div><div class="chat chatmessage-andyv20"><strong style="color:#c66e2f"><small>☆</small><span class="username" data-name="Andyv2.0">Andyv2.0</span>:</strong> <em>gg</em></div><div class="chat"><small></small></div></div><div class="inner-preempt message-log"></div></div></div>
</div>
<script>
let daily = Math.floor(Date.now()/1000/60/60/24);document.write('<script src="https://cdn.jsdelivr.net/gh/eriedaberrie/pokemon-showdown-client@master/js/replay-embed.template.js?version'+daily+'" onerror="let defaultscript = document.createElement(\'script\'); defaultscript.src = \'https://play.pokemonshowdown.com/js/replay-embed.template.js?version\'+daily; defaultscript.onload = function () {alert(\'Custom Uranium script failed to load, defaulted to regular showdown graphics.\');}; document.head.appendChild(defaultscript);"></'+'script>');
</script>
